{"gold_per_floor":[111,179,32,45,45,78,78,78,78,108,27,27,27],"floor_reached":13,"playtime":546,"items_purged":["Strike_B"],"score":134,"play_id":"45fbda35-c7bc-4b64-a992-da6527c4665c","local_time":"20181224170210","is_ascension_mode":true,"campfire_choices":[{"floor":7,"key":"REST"},{"floor":12,"key":"REST"}],"neow_cost":"NONE","seed_source_timestamp":97345256425037,"circlet_count":0,"master_deck":["AscendersBane","Strike_B","Strike_B","Strike_B","Defend_B","Defend_B","Defend_B","Defend_B","Zap","Dualcast","Fusion","Defragment","Double Energy","Cold Snap","Creative AI","Self Repair"],"relics":["Snecko Eye","Matryoshka","Dodecahedron","Bottled Flame","Centennial Puzzle","Emotion Chip","Letter Opener"],"potions_floor_usage":[13,13],"damage_taken":[{"damage":0,"enemies":"Cultist","floor":1,"turns":4},{"damage":8,"enemies":"Small Slimes","floor":4,"turns":4},{"damage":44,"enemies":"Lagavulin","floor":6,"turns":10},{"damage":33,"enemies":"Gremlin Nob","floor":10,"turns":5},{"damage":37,"enemies":"3 Sentries","floor":13,"turns":6}],"seed_played":"5685231703546641027","potions_obtained":[{"floor":6,"key":"Regen Potion"},{"floor":10,"key":"Swift Potion"}],"is_trial":false,"path_per_floor":["M","T","$","M","?","E","R","$","T","E","$","R","E"],"character_chosen":"DEFECT","items_purchased":["Defragment","Self Repair"],"campfire_rested":2,"item_purchase_floors":[3,11],"current_hp_per_floor":[68,68,68,60,57,13,35,35,35,2,2,24,0],"gold":27,"neow_bonus":"BOSS_RELIC","is_prod":false,"is_daily":false,"chose_seed":false,"campfire_upgraded":0,"win_rate":0,"timestamp":1545688930,"path_taken":["M","?","$","M","?","E","R","?","T","E","$","R","E"],"build_version":"2018-12-20","purchased_purges":1,"victory":false,"max_hp_per_floor":[75,75,75,75,75,75,75,75,75,75,75,75,75],"card_choices":[{"not_picked":["Go for the Eyes","White Noise"],"picked":"Fusion","floor":1},{"not_picked":["Cold Snap","Steam Power"],"picked":"Double Energy","floor":4},{"not_picked":["Ball Lightning","Static Discharge"],"picked":"Cold Snap","floor":6},{"not_picked":["Aggregate","Redo"],"picked":"Creative AI","floor":10}],"player_experience":658991,"relics_obtained":[{"floor":2,"key":"Matryoshka"},{"floor":6,"key":"Bottled Flame"},{"floor":9,"key":"Centennial Puzzle"},{"floor":9,"key":"Emotion Chip"},{"floor":10,"key":"Letter Opener"}],"event_choices":[{"damage_healed":0,"gold_gain":0,"player_choice":"Success","damage_taken":3,"relics_obtained":["Dodecahedron"],"max_hp_gain":0,"max_hp_loss":0,"event_name":"Scrap Ooze","floor":5,"gold_loss":0}],"is_beta":false,"boss_relics":[],"items_purged_floors":[3],"is_endless":false,"potions_floor_spawned":[6,10],"killed_by":"3 Sentries","ascension_level":10}