{"gold_per_floor":[112,62,62,62,85,85,124,138,138,63,63,99,99,99,99,224,224,244,244,244,261,279,279,306,306,306,306,323,323,46,60,60,60],"floor_reached":33,"playtime":1255,"items_purged":["Decay"],"score":407,"play_id":"68ea719c-fa87-46fe-9e1f-78e1b1949708","local_time":"20181224002617","is_ascension_mode":true,"campfire_choices":[{"data":"Zap","floor":6,"key":"SMITH"},{"data":"Defragment","floor":11,"key":"SMITH"},{"floor":13,"key":"REST"},{"floor":15,"key":"REST"},{"data":"Loop","floor":23,"key":"SMITH"},{"floor":25,"key":"REST"},{"floor":32,"key":"REST"}],"neow_cost":"NONE","seed_source_timestamp":36883839814177,"circlet_count":0,"master_deck":["AscendersBane","Strike_B","Strike_B","Strike_B","Strike_B","Defend_B","Defend_B","Defend_B","Defend_B","Zap+1","Dualcast","Coolheaded","Injury","Coolheaded","Defragment+1","White Noise","Sweeping Beam+1","Regret","Machine Learning","Loop","Force Field+1","Loop+1","Normality","Gash+1","Fusion+1","Double Energy"],"relics":["Calling Bell","Bronze Scales","Mercury Hourglass","FossilizedHelix","Bloody Idol","Bottled Flame","Molten Egg 2","Turnip","Art of War","Cursed Key","Dream Catcher","Question Card","Nilry\u0027s Codex","Tiny Chest","Regal Pillow"],"potions_floor_usage":[7,24,33],"damage_taken":[{"damage":0,"enemies":"Cultist","floor":1,"turns":3},{"damage":2,"enemies":"Small Slimes","floor":5,"turns":3},{"damage":19,"enemies":"Lagavulin","floor":7,"turns":6},{"damage":0,"enemies":"2 Louse","floor":8,"turns":2},{"damage":22,"enemies":"3 Sentries","floor":12,"turns":6},{"damage":45,"enemies":"Hexaghost","floor":16,"turns":10},{"damage":11,"enemies":"Spheric Guardian","floor":18,"turns":4},{"damage":11,"enemies":"Shell Parasite","floor":21,"turns":6},{"damage":8,"enemies":"3 Cultists","floor":22,"turns":4},{"damage":30,"enemies":"Book of Stabbing","floor":24,"turns":7},{"damage":0,"enemies":"Cultist and Chosen","floor":28,"turns":5},{"damage":7,"enemies":"Centurion and Healer","floor":31,"turns":7},{"damage":78,"enemies":"Collector","floor":33,"turns":7}],"seed_played":"-2221867406119421335","potions_obtained":[{"floor":1,"key":"PowerPotion"},{"floor":21,"key":"PowerPotion"},{"floor":22,"key":"GamblersBrew"},{"floor":24,"key":"SteroidPotion"},{"floor":31,"key":"Poison Potion"}],"is_trial":false,"path_per_floor":["M","?","?","?","M","R","E","M","T","$","R","E","R","?","R","B",null,"M","?","?","M","M","R","E","R","T","?","M","?","$","M","R","B"],"character_chosen":"DEFECT","items_purchased":["Tiny Chest","Regal Pillow"],"campfire_rested":4,"item_purchase_floors":[30,30],"current_hp_per_floor":[68,68,68,68,66,66,47,47,47,47,47,25,47,47,69,24,62,51,51,51,45,42,42,17,39,39,23,28,28,33,31,68,0],"gold":60,"neow_bonus":"BOSS_RELIC","is_prod":false,"is_daily":false,"chose_seed":false,"campfire_upgraded":3,"win_rate":0,"timestamp":1545629177,"path_taken":["M","?","?","?","?","R","E","M","T","$","R","E","R","?","R","BOSS","M","?","?","?","M","R","E","R","T","?","M","?","$","M","R","BOSS"],"build_version":"2018-12-20","purchased_purges":1,"victory":false,"max_hp_per_floor":[75,75,75,75,75,75,75,75,75,75,75,75,75,75,75,75,75,75,75,75,75,75,75,75,75,75,75,75,75,75,75,75,75],"card_choices":[{"not_picked":["Conserve Battery","Doom and Gloom"],"picked":"Coolheaded","floor":1},{"not_picked":["Steam","Doom and Gloom"],"picked":"Coolheaded","floor":5},{"not_picked":["Multi-Cast","Stack"],"picked":"Defragment","floor":7},{"not_picked":["Streamline","Sweeping Beam"],"picked":"White Noise","floor":8},{"not_picked":["Darkness","Leap"],"picked":"Sweeping Beam+1","floor":12},{"not_picked":["Fission","Multi-Cast"],"picked":"Machine Learning","floor":16},{"not_picked":["Auto Shields","Heatsinks+1"],"picked":"Loop","floor":18},{"not_picked":["Go for the Eyes+1","Rebound+1"],"picked":"Force Field+1","floor":21},{"not_picked":["Streamline+1","Stack"],"picked":"Loop","floor":22},{"not_picked":["Hologram","Go for the Eyes+1","Recycle"],"picked":"SKIP","floor":24},{"not_picked":["Conserve Battery+1","Self Repair","Cold Snap+1"],"picked":"Gash+1","floor":28},{"not_picked":["Steam","Sweeping Beam+1","Compile Driver+1"],"picked":"Fusion+1","floor":31},{"not_picked":["Beam Cell+1","Sweeping Beam+1","Cold Snap+1"],"picked":"Double Energy","floor":32}],"player_experience":656537,"relics_obtained":[{"floor":0,"key":"Bronze Scales"},{"floor":0,"key":"Mercury Hourglass"},{"floor":0,"key":"FossilizedHelix"},{"floor":7,"key":"Bottled Flame"},{"floor":9,"key":"Molten Egg 2"},{"floor":12,"key":"Turnip"},{"floor":24,"key":"Dream Catcher"},{"floor":26,"key":"Question Card"},{"floor":27,"key":"Nilry\u0027s Codex"}],"event_choices":[{"cards_removed":["Decay"],"damage_healed":0,"gold_gain":0,"player_choice":"Card Removal","damage_taken":0,"max_hp_gain":0,"max_hp_loss":0,"event_name":"The Cleric","floor":2,"gold_loss":50},{"cards_removed":["Doubt"],"damage_healed":0,"gold_gain":0,"player_choice":"Forget","damage_taken":0,"max_hp_gain":0,"max_hp_loss":0,"event_name":"Living Wall","floor":3,"gold_loss":0},{"damage_healed":0,"gold_gain":0,"player_choice":"Take Wound","damage_taken":0,"relics_obtained":["Golden Idol"],"max_hp_gain":0,"max_hp_loss":0,"event_name":"Golden Idol","floor":4,"gold_loss":0,"cards_obtained":["Injury"]},{"damage_healed":0,"gold_gain":0,"player_choice":"Box","damage_taken":0,"relics_obtained":["Art of War"],"max_hp_gain":0,"max_hp_loss":0,"event_name":"Big Fish","floor":14,"gold_loss":0,"cards_obtained":["Regret"]},{"damage_healed":0,"gold_gain":0,"player_choice":"Gave Idol","damage_taken":0,"relics_obtained":["Bloody Idol"],"max_hp_gain":0,"max_hp_loss":0,"event_name":"Forgotten Altar","floor":19,"relics_lost":["Golden Idol"],"gold_loss":0},{"damage_healed":0,"gold_gain":0,"player_choice":"Bought 0 Potions","damage_taken":0,"max_hp_gain":0,"max_hp_loss":0,"event_name":"The Woman in Blue","floor":20,"gold_loss":0},{"damage_healed":0,"gold_gain":0,"player_choice":"Obtained Book","damage_taken":16,"max_hp_gain":0,"max_hp_loss":0,"event_name":"Cursed Tome","floor":27,"gold_loss":0},{"damage_healed":0,"gold_gain":0,"player_choice":"Ignored","damage_taken":0,"max_hp_gain":0,"max_hp_loss":0,"event_name":"Vampires","floor":29,"gold_loss":0}],"is_beta":false,"boss_relics":[{"not_picked":["Runic Dome","Busted Crown"],"picked":"Cursed Key"}],"items_purged_floors":[10],"is_endless":false,"potions_floor_spawned":[1,21,22,24,31],"killed_by":"Collector","ascension_level":10}