{"gold_per_floor":[15,34,34,109,71,71,104,154,154,170,170,170,184,230,230,353,353,377,377,48,48,74,74,74,93,116,116],"floor_reached":27,"playtime":880,"items_purged":["Injury"],"score":311,"play_id":"2f298114-8440-4b96-98fd-36ab6e2a1d85","local_time":"20190101125031","is_ascension_mode":true,"campfire_choices":[{"data":"Loop","floor":6,"key":"SMITH"},{"floor":11,"key":"REST"},{"floor":15,"key":"REST"},{"data":"Consume","floor":24,"key":"SMITH"}],"neow_cost":"NO_GOLD","seed_source_timestamp":78654148851803,"circlet_count":0,"master_deck":["AscendersBane","Strike_B+1","Strike_B","Strike_B+1","Defend_B","Defend_B","Defend_B","Defend_B","Zap","Dualcast","Dark Shackles","Finesse","Loop+1","Sweeping Beam","Loop","Fusion","Doom and Gloom","Echo Form","Chaos+1","Defragment","Consume+1"],"relics":["Cracked Core","Singing Bowl","Whetstone","Bottled Tornado","Golden Idol","Anchor","Inserter","Regal Pillow","Bronze Scales","Smiling Mask"],"potions_floor_usage":[27],"damage_taken":[{"damage":0,"enemies":"2 Louse","floor":1,"turns":2},{"damage":0,"enemies":"Jaw Worm","floor":2,"turns":3},{"damage":23,"enemies":"3 Sentries","floor":7,"turns":6},{"damage":1,"enemies":"Cultist","floor":10,"turns":3},{"damage":7,"enemies":"Exordium Wildlife","floor":13,"turns":4},{"damage":38,"enemies":"The Guardian","floor":16,"turns":9},{"damage":13,"enemies":"Chosen","floor":18,"turns":6},{"damage":18,"enemies":"Spheric Guardian","floor":25,"turns":5},{"damage":45,"enemies":"Book of Stabbing","floor":27,"turns":4}],"seed_played":"7366275187226838063","potions_obtained":[{"floor":2,"key":"Regen Potion"},{"floor":16,"key":"GamblersBrew"},{"floor":25,"key":"FearPotion"}],"is_trial":false,"path_per_floor":["M","M","?","?","$","R","E","T","T","M","R","?","M","T","R","B",null,"M","?","$","?","T","$","R","M","T","E"],"character_chosen":"DEFECT","items_purchased":["Loop","Defragment","Regal Pillow","Consume"],"campfire_rested":2,"item_purchase_floors":[5,20,20,20],"current_hp_per_floor":[68,68,61,50,50,50,29,29,29,28,51,51,44,44,67,29,65,52,52,52,52,52,52,52,36,36,0],"gold":116,"neow_bonus":"RANDOM_COLORLESS_2","is_prod":false,"is_daily":false,"chose_seed":false,"campfire_upgraded":2,"win_rate":0,"timestamp":1546365031,"path_taken":["M","M","?","?","?","R","E","?","T","M","R","?","?","?","R","BOSS","M","?","?","?","?","?","R","M","T","E"],"build_version":"2018-12-20","purchased_purges":1,"victory":false,"max_hp_per_floor":[75,75,75,75,75,75,77,77,77,77,77,77,77,77,77,77,77,77,77,77,77,77,77,77,79,79,79],"card_choices":[{"not_picked":["Undo","Barrage"],"picked":"Loop","floor":1},{"not_picked":["Turbo","Tempest"],"picked":"Sweeping Beam","floor":2},{"not_picked":["Stack","Rebound","Aggregate"],"picked":"Singing Bowl","floor":7},{"not_picked":["Tempest","Compile Driver"],"picked":"Fusion","floor":10},{"not_picked":["Conserve Battery","Rebound"],"picked":"Doom and Gloom","floor":13},{"not_picked":["All For One","Machine Learning"],"picked":"Echo Form","floor":16},{"not_picked":["Sunder","Hello World"],"picked":"Chaos","floor":18},{"not_picked":["Genetic Algorithm","Auto Shields","Consume"],"picked":"Singing Bowl","floor":25}],"player_experience":692894,"relics_obtained":[{"floor":7,"key":"Singing Bowl"},{"floor":8,"key":"Whetstone"},{"floor":9,"key":"Bottled Tornado"},{"floor":14,"key":"Anchor"},{"floor":22,"key":"Bronze Scales"},{"floor":26,"key":"Smiling Mask"}],"event_choices":[{"cards_removed":["Strike_B"],"damage_healed":0,"gold_gain":0,"player_choice":"Card Removal","damage_taken":7,"max_hp_gain":0,"max_hp_loss":0,"event_name":"Golden Wing","floor":3,"gold_loss":0},{"damage_healed":0,"gold_gain":75,"player_choice":"Gather Gold","damage_taken":11,"max_hp_gain":0,"max_hp_loss":0,"event_name":"World of Goop","floor":4,"gold_loss":0},{"damage_healed":0,"gold_gain":0,"player_choice":"Take Wound","damage_taken":0,"relics_obtained":["Golden Idol"],"max_hp_gain":0,"max_hp_loss":0,"event_name":"Golden Idol","floor":12,"gold_loss":0,"cards_obtained":["Injury"]},{"damage_healed":0,"gold_gain":0,"player_choice":"Upgraded","damage_taken":0,"max_hp_gain":0,"max_hp_loss":0,"event_name":"Upgrade Shrine","floor":19,"gold_loss":0,"cards_upgraded":["Chaos"]},{"damage_healed":0,"gold_gain":0,"player_choice":"Ignored","damage_taken":0,"max_hp_gain":0,"max_hp_loss":0,"event_name":"Vampires","floor":21,"gold_loss":0}],"is_beta":false,"boss_relics":[{"not_picked":["Philosopher\u0027s Stone","Snecko Eye"],"picked":"Inserter"}],"items_purged_floors":[20],"is_endless":false,"potions_floor_spawned":[2,16,25],"killed_by":"Book of Stabbing","ascension_level":10}