{"gold_per_floor":[117,137,137,137,29,29,45,45,95,114,114,114,124,135,135,135],"floor_reached":16,"playtime":473,"items_purged":[],"score":138,"play_id":"9ffc580f-4ebf-4387-b044-ee4448bcfc66","local_time":"20190104212002","is_ascension_mode":true,"campfire_choices":[{"floor":6,"key":"REST"},{"floor":8,"key":"REST"},{"data":"Hologram","floor":15,"key":"SMITH"}],"neow_cost":"CURSE","seed_source_timestamp":368841354901467,"circlet_count":0,"master_deck":["AscendersBane","Strike_B","Strike_B","Defend_B","Defend_B","Defend_B","Defend_B","Zap","Dualcast","Tempest","Steam Power","Gash","Genetic Algorithm","Self Repair","BootSequence","Coolheaded","Chaos","Regret","Hologram+1"],"relics":["Cracked Core","Potion Belt","Pen Nib","Mercury Hourglass","Singing Bowl"],"potions_floor_usage":[],"damage_taken":[{"damage":9,"enemies":"Small Slimes","floor":1,"turns":3},{"damage":15,"enemies":"Jaw Worm","floor":2,"turns":4},{"damage":0,"enemies":"2 Louse","floor":7,"turns":4},{"damage":0,"enemies":"Blue Slaver","floor":10,"turns":4},{"damage":6,"enemies":"Looter","floor":13,"turns":4},{"damage":4,"enemies":"3 Louse","floor":14,"turns":3},{"damage":80,"enemies":"Hexaghost","floor":16,"turns":10}],"seed_played":"5361093213153826686","potions_obtained":[{"floor":7,"key":"Fire Potion"},{"floor":14,"key":"Dexterity Potion"}],"is_trial":false,"path_per_floor":["M","M","?","?","$","R","M","R","T","M","?","T","M","M","R","B"],"character_chosen":"DEFECT","items_purchased":["Self Repair","BootSequence"],"campfire_rested":2,"item_purchase_floors":[5,5],"current_hp_per_floor":[59,44,37,12,12,34,41,63,63,70,70,70,71,76,76,0],"gold":135,"neow_bonus":"TRANSFORM_TWO_CARDS","is_prod":false,"is_daily":false,"chose_seed":false,"campfire_upgraded":1,"win_rate":0,"timestamp":1546654802,"path_taken":["M","M","?","?","$","R","M","R","T","?","?","?","M","M","R","BOSS"],"build_version":"2019-01-03v4","purchased_purges":0,"victory":false,"max_hp_per_floor":[75,75,75,75,75,75,75,75,75,75,75,75,75,77,77,77],"card_choices":[{"not_picked":["Conserve Battery","Genetic Algorithm"],"picked":"Gash","floor":1},{"not_picked":["Leap","Steam Power"],"picked":"Genetic Algorithm","floor":2},{"not_picked":["Steam","Rebound"],"picked":"Coolheaded","floor":7},{"not_picked":["Turbo","Redo"],"picked":"Chaos","floor":10},{"not_picked":["Auto Shields","Beam Cell"],"picked":"Hologram","floor":13},{"not_picked":["Double Energy","Reinforced Body","Conserve Battery"],"picked":"Singing Bowl","floor":14}],"player_experience":703551,"relics_obtained":[{"floor":9,"key":"Pen Nib"},{"floor":12,"key":"Singing Bowl"}],"event_choices":[{"cards_removed":["Injury"],"damage_healed":0,"gold_gain":0,"player_choice":"Card Removal","damage_taken":7,"max_hp_gain":0,"max_hp_loss":0,"event_name":"Golden Wing","floor":3,"gold_loss":0},{"damage_healed":0,"gold_gain":0,"player_choice":"Success","damage_taken":25,"relics_obtained":["Potion Belt"],"max_hp_gain":0,"max_hp_loss":0,"event_name":"Scrap Ooze","floor":4,"gold_loss":0},{"damage_healed":0,"gold_gain":0,"player_choice":"Box","damage_taken":0,"relics_obtained":["Mercury Hourglass"],"max_hp_gain":0,"max_hp_loss":0,"event_name":"Big Fish","floor":11,"gold_loss":0,"cards_obtained":["Regret"]}],"is_beta":false,"boss_relics":[],"items_purged_floors":[],"is_endless":false,"potions_floor_spawned":[7,14],"killed_by":"Hexaghost","ascension_level":10}