{"gold_per_floor":[111,129,79,79,145,180,192,221,233,261,273,411,144,194,194,318,318,337,387,411,461],"floor_reached":21,"playtime":4971,"items_purged":["Strike_B"],"score":272,"play_id":"ccdbccb7-6d26-4387-979b-c80b3b346516","local_time":"20190101123537","is_ascension_mode":true,"campfire_choices":[{"floor":7.0,"key":"REST"},{"floor":11.0,"key":"REST"},{"data":"Coolheaded","floor":15,"key":"SMITH"}],"neow_cost":"NONE","seed_source_timestamp":0,"circlet_count":0,"master_deck":["AscendersBane","Strike_B","Defend_B","Defend_B","Defend_B","Defend_B","Zap","Dualcast","White Noise","Conserve Battery","Gash","Coolheaded+1","Coolheaded","Rebound","Amplify","Capacitor","Gash","Gash","BootSequence","BootSequence+1"],"special_seed":0,"relics":["Cracked Core","DataDisk","SsserpentHead","MawBank","Mummified Hand","Lee\u0027s Waffle","Golden Idol","Orrery"],"potions_floor_usage":[16,16,21,21],"damage_taken":[{"damage":7.0,"enemies":"Small Slimes","floor":1.0,"turns":3.0},{"damage":1.0,"enemies":"2 Louse","floor":2.0,"turns":2.0},{"damage":0.0,"enemies":"Cultist","floor":5.0,"turns":4.0},{"damage":36.0,"enemies":"Gremlin Nob","floor":6.0,"turns":5.0},{"damage":34.0,"enemies":"Gremlin Gang","floor":8.0,"turns":6.0},{"damage":10.0,"enemies":"Large Slime","floor":10.0,"turns":6.0},{"damage":14.0,"enemies":"Exordium Wildlife","floor":12.0,"turns":4.0},{"damage":7,"enemies":"Slime Boss","floor":16,"turns":8},{"damage":16,"enemies":"3 Byrds","floor":18,"turns":6},{"damage":0,"enemies":"Shell Parasite","floor":20,"turns":5},{"damage":3,"enemies":"Colosseum Slavers","floor":21,"turns":6},{"damage":62,"enemies":"Colosseum Nobs","floor":21,"turns":3}],"seed_played":"-4933538519436881236","potions_obtained":[{"floor":1.0,"key":"Fire Potion"},{"floor":2.0,"key":"FearPotion"},{"floor":8.0,"key":"Poison Potion"},{"floor":12,"key":"Swift Potion"},{"floor":16,"key":"FearPotion"},{"floor":18,"key":"PowerPotion"},{"floor":20,"key":"Weak Potion"}],"is_trial":false,"path_per_floor":["M","M","?","?","M","E","R","M","T","M","R","M","M","$","?","R","B",null,"M","?","M","?"],"character_chosen":"DEFECT","items_purchased":["Lee\u0027s Waffle"],"campfire_rested":2,"item_purchase_floors":[13],"current_hp_per_floor":[61,60,60,60,60,24,46,12,12,2,24,10,82,76,76,69,74,58,58,58,0],"gold":461,"neow_bonus":"RANDOM_COMMON_RELIC","is_prod":false,"is_daily":false,"chose_seed":false,"campfire_upgraded":1,"win_rate":0,"timestamp":1546364137,"path_taken":["M","M","?","?","?","E","R","M","T","M","R","?","$","?","R","BOSS","M","?","M","?"],"build_version":"2018-12-20","purchased_purges":1,"victory":false,"max_hp_per_floor":[75,75,75,75,75,75,75,75,75,75,75,75,82,76,76,76,76,76,76,76,76],"card_choices":[{"not_picked":["Undo","Force Field"],"picked":"White Noise","floor":1.0},{"not_picked":["Lockon","Turbo"],"picked":"Conserve Battery","floor":2.0},{"not_picked":["Go for the Eyes","Blizzard"],"picked":"Gash","floor":5.0},{"not_picked":["Doom and Gloom","Ball Lightning"],"picked":"Coolheaded","floor":6.0},{"not_picked":["Loop","Undo"],"picked":"Coolheaded","floor":8.0},{"not_picked":["Blizzard","Barrage","Stack"],"picked":"SKIP","floor":10.0},{"not_picked":["Steam Power","Skim"],"picked":"Rebound","floor":12},{"not_picked":["Machine Learning","Buffer"],"picked":"Amplify","floor":16},{"not_picked":["Consume","Cold Snap"],"picked":"Capacitor","floor":17},{"not_picked":["Defragment","Self Repair"],"picked":"Gash","floor":17},{"not_picked":["Self Repair","Go for the Eyes"],"picked":"Gash","floor":17},{"not_picked":["Sweeping Beam","Steam"],"picked":"BootSequence","floor":17},{"not_picked":["Beam Cell","Stack","Streamline"],"picked":"SKIP","floor":18},{"not_picked":["Streamline","Reinforced Body"],"picked":"BootSequence+1","floor":20}],"player_experience":687923,"relics_obtained":[{"floor":6.0,"key":"MawBank"},{"floor":9.0,"key":"Mummified Hand"}],"event_choices":[{"cards_removed":["Strike_B"],"damage_healed":0.0,"max_hp_gain":0.0,"max_hp_loss":0.0,"gold_gain":0.0,"event_name":"The Cleric","player_choice":"Card Removal","floor":3.0,"gold_loss":50.0,"damage_taken":0.0},{"damage_healed":0.0,"max_hp_gain":0.0,"max_hp_loss":0.0,"gold_gain":0.0,"event_name":"FaceTrader","player_choice":"Trade","floor":4.0,"gold_loss":0.0,"damage_taken":0.0,"relics_obtained":["SsserpentHead"]},{"damage_healed":0,"gold_gain":0,"player_choice":"Lose Max HP","damage_taken":0,"relics_obtained":["Golden Idol"],"max_hp_gain":0,"max_hp_loss":6,"event_name":"Golden Idol","floor":14,"gold_loss":0},{"cards_removed":["Strike_B"],"damage_healed":0,"gold_gain":0,"player_choice":"Elegance","damage_taken":0,"max_hp_gain":0,"max_hp_loss":0,"event_name":"Back to Basics","floor":19,"gold_loss":0},{"damage_healed":0,"gold_gain":0,"player_choice":"Fight","damage_taken":0,"max_hp_gain":0,"max_hp_loss":0,"event_name":"Colosseum","floor":21,"gold_loss":0},{"damage_healed":0,"gold_gain":0,"player_choice":"Fought Nobs","damage_taken":0,"max_hp_gain":0,"max_hp_loss":0,"event_name":"Colosseum","floor":21,"gold_loss":0}],"is_beta":false,"boss_relics":[{"not_picked":["Fusion Hammer","Astrolabe"],"picked":"Orrery"}],"items_purged_floors":[13],"is_endless":false,"potions_floor_spawned":[1,2,8,12,16,18,20],"killed_by":"Colosseum Nobs","ascension_level":10}