{"gold_per_floor":[116,136,61,78,78,78,95,95,119,119,71,81,94,126,126,222,222,232,57,0,10,56,56,112,112,159,194,115,133,153,153,153,153],"floor_reached":33,"playtime":1367,"items_purged":["Strike_B"],"score":428,"play_id":"8616bec4-ca77-414f-96f2-9dc745a34b26","local_time":"20190110162522","is_ascension_mode":true,"campfire_choices":[{"data":"Metamorphosis","floor":6,"key":"SMITH"},{"data":"Violence","floor":8,"key":"SMITH"},{"data":"Hologram","floor":15,"key":"SMITH"},{"floor":23,"key":"REST"},{"floor":25,"key":"REST"},{"floor":32,"key":"REST"}],"neow_cost":"TEN_PERCENT_HP_LOSS","seed_source_timestamp":868696283286925,"circlet_count":0,"master_deck":["AscendersBane","Strike_B","Strike_B","Strike_B","Defend_B","Defend_B","Defend_B","Defend_B","Zap","Dualcast","Violence+1","Metamorphosis+1","Gash","BootSequence","Hologram","Hologram+1","Reboot","Go for the Eyes+1","Violence","Leap+1","Defragment","Self Repair+1","Gash","Leap","Hologram+1"],"relics":["Cracked Core","Bag of Preparation","FaceOfCleric","Vajra","Inserter","Lantern","Tiny Chest","Blood Vial","Blue Candle","Smiling Mask"],"potions_floor_usage":[7,7,30,33],"damage_taken":[{"damage":1,"enemies":"Cultist","floor":1,"turns":3},{"damage":6,"enemies":"2 Louse","floor":2,"turns":2},{"damage":7,"enemies":"Jaw Worm","floor":4,"turns":4},{"damage":13,"enemies":"Exordium Wildlife","floor":7,"turns":5},{"damage":0,"enemies":"Blue Slaver","floor":12,"turns":2},{"damage":0,"enemies":"2 Fungi Beasts","floor":13,"turns":2},{"damage":4,"enemies":"Gremlin Nob","floor":14,"turns":3},{"damage":22,"enemies":"Hexaghost","floor":16,"turns":6},{"damage":23,"enemies":"3 Byrds","floor":18,"turns":4},{"damage":9,"enemies":"Shell Parasite","floor":21,"turns":3},{"damage":34,"enemies":"Gremlin Leader","floor":24,"turns":6},{"damage":27,"enemies":"Slavers","floor":27,"turns":3},{"damage":0,"enemies":"Shelled Parasite and Fungi","floor":29,"turns":2},{"damage":0,"enemies":"Chosen and Byrds","floor":30,"turns":4},{"damage":104,"enemies":"Champ","floor":33,"turns":12}],"seed_played":"344131390652247068","potions_obtained":[{"floor":2,"key":"SkillPotion"},{"floor":5,"key":"FairyPotion"},{"floor":5,"key":"SpeedPotion"},{"floor":7,"key":"Dexterity Potion"},{"floor":18,"key":"Regen Potion"},{"floor":29,"key":"SkillPotion"}],"is_trial":false,"path_per_floor":["M","M","$","M","?","R","M","R","T","?","$","M","M","E","R","B",null,"M","$","?","M","T","R","E","R","T","E","$","M","M","T","R","B"],"character_chosen":"DEFECT","items_purchased":["Hologram","Violence","Gash","Leap"],"campfire_rested":3,"item_purchase_floors":[11,19,28,28],"current_hp_per_floor":[67,61,61,54,54,54,41,41,41,41,41,42,43,40,40,19,59,37,37,37,29,29,51,18,40,40,16,16,19,44,44,67,0],"gold":153,"neow_bonus":"RANDOM_COLORLESS_2","is_prod":false,"is_daily":false,"chose_seed":false,"campfire_upgraded":3,"win_rate":0,"timestamp":1547155522,"path_taken":["M","M","?","M","?","R","?","R","T","?","?","M","?","E","R","BOSS","M","$","?","M","?","R","E","R","T","E","$","M","M","?","R","BOSS"],"build_version":"2019-01-03v4","purchased_purges":1,"victory":false,"max_hp_per_floor":[68,68,68,68,68,68,68,68,68,68,68,69,70,71,71,72,72,73,73,73,74,74,74,75,75,75,76,76,77,78,78,78,78],"card_choices":[{"not_picked":["Capacitor","Rebound"],"picked":"Gash","floor":1},{"not_picked":["Double Energy","Hello World","Steam Power"],"picked":"SKIP","floor":2},{"not_picked":["Cold Snap","Glacier","Ball Lightning"],"picked":"SKIP","floor":4},{"not_picked":["Multi-Cast","Turbo"],"picked":"BootSequence","floor":7},{"not_picked":["Steam","Beam Cell"],"picked":"Hologram","floor":12},{"not_picked":["Stack","Rip and Tear","Storm"],"picked":"SKIP","floor":13},{"not_picked":["Consume","Sweeping Beam","Skim"],"picked":"SKIP","floor":14},{"not_picked":["Thunder Strike","Electrodynamics"],"picked":"Reboot","floor":16},{"not_picked":["Compile Driver","Streamline+1"],"picked":"Go for the Eyes+1","floor":18},{"not_picked":["Stack","Go for the Eyes"],"picked":"Leap+1","floor":21},{"not_picked":["Coolheaded","Compile Driver"],"picked":"Defragment","floor":24},{"not_picked":["Electrodynamics","Conserve Battery+1"],"picked":"Self Repair+1","floor":27},{"not_picked":["Barrage","Sweeping Beam+1","Aggregate"],"picked":"SKIP","floor":29},{"not_picked":["Undo","Barrage"],"picked":"Hologram+1","floor":30}],"player_experience":708433,"relics_obtained":[{"floor":9,"key":"Bag of Preparation"},{"floor":14,"key":"Vajra"},{"floor":22,"key":"Lantern"},{"floor":24,"key":"Tiny Chest"},{"floor":26,"key":"Blood Vial"},{"floor":27,"key":"Blue Candle"},{"floor":31,"key":"Smiling Mask"}],"event_choices":[{"damage_healed":0,"gold_gain":0,"player_choice":"Got Potions","damage_taken":0,"max_hp_gain":0,"max_hp_loss":0,"event_name":"Lab","floor":5,"gold_loss":0},{"damage_healed":0,"gold_gain":0,"player_choice":"Trade","damage_taken":0,"relics_obtained":["FaceOfCleric"],"max_hp_gain":0,"max_hp_loss":0,"event_name":"FaceTrader","floor":10,"gold_loss":0},{"damage_healed":0,"gold_gain":0,"player_choice":"Paid Fearfully","damage_taken":0,"max_hp_gain":0,"max_hp_loss":0,"event_name":"Masked Bandits","floor":20,"gold_loss":57}],"is_beta":false,"boss_relics":[{"not_picked":["Cursed Key","White Beast Statue"],"picked":"Inserter"}],"items_purged_floors":[3],"is_endless":false,"potions_floor_spawned":[2,7,18,27,29],"killed_by":"Champ","ascension_level":10}