{"gold_per_floor":[113,131,149,62,62,73,38,70,93,93,113,143,143,160,160,259,259,276,291,309,105,105,105,130,130,130,145,145],"floor_reached":28,"playtime":1153,"items_purged":["Parasite"],"score":375,"play_id":"b6363146-0cd3-479e-a9ce-3dd6a2e4ed5f","local_time":"20190117230646","is_ascension_mode":true,"campfire_choices":[{"floor":10,"key":"REST"},{"data":"Hologram","floor":15,"key":"SMITH"},{"floor":23,"key":"REST"}],"neow_cost":"CURSE","seed_source_timestamp":9434074212105,"circlet_count":0,"master_deck":["AscendersBane","Strike_B","Strike_B+1","Strike_B+1","Strike_B+1","Defend_B","Defend_B","Defend_B","Defend_B+1","Zap","Dualcast","All For One","Gash","Steam","Leap","Madness","Hologram+1","Beam Cell","Gash","FTL","Coolheaded","Machine Learning","Beam Cell+1","Chill","All For One","Go for the Eyes","Normality","Swift Strike","Gash","Streamline"],"relics":["Cracked Core","Whetstone","PreservedInsect","Pen Nib","FaceOfCleric","Nuclear Battery","Dodecahedron","Pantograph"],"potions_floor_usage":[22],"damage_taken":[{"damage":7,"enemies":"Small Slimes","floor":1,"turns":3},{"damage":6,"enemies":"2 Louse","floor":2,"turns":2},{"damage":2,"enemies":"Jaw Worm","floor":3,"turns":5},{"damage":15,"enemies":"Large Slime","floor":6,"turns":6},{"damage":15,"enemies":"Lagavulin","floor":8,"turns":8},{"damage":1,"enemies":"Red Slaver","floor":11,"turns":3},{"damage":13,"enemies":"3 Sentries","floor":12,"turns":6},{"damage":5,"enemies":"Blue Slaver","floor":14,"turns":2},{"damage":10,"enemies":"Hexaghost","floor":16,"turns":8},{"damage":6,"enemies":"Chosen","floor":18,"turns":5},{"damage":14,"enemies":"Spheric Guardian","floor":19,"turns":4},{"damage":6,"enemies":"Centurion and Healer","floor":20,"turns":6},{"damage":21,"enemies":"Colosseum Slavers","floor":22,"turns":4},{"damage":1,"enemies":"Book of Stabbing","floor":24,"turns":3},{"damage":35,"enemies":"Shelled Parasite and Fungi","floor":27,"turns":4},{"damage":9,"enemies":"Snake Plant","floor":28,"turns":1}],"seed_played":"3012546999526677891","potions_obtained":[{"floor":1,"key":"Strength Potion"},{"floor":11,"key":"GamblersBrew"},{"floor":12,"key":"SneckoOil"},{"floor":24,"key":"Ancient Potion"}],"is_trial":false,"path_per_floor":["M","M","M","$","?","M","?","E","T","R","M","E","?","M","R","B",null,"M","M","M","$","?","R","E","?","T","M","M"],"character_chosen":"DEFECT","items_purchased":["Madness","All For One","Go for the Eyes"],"campfire_rested":2,"item_purchase_floors":[4,21,21],"current_hp_per_floor":[61,55,53,53,38,23,41,26,26,48,47,34,34,30,30,21,63,58,45,40,40,20,43,43,43,43,9,0],"gold":145,"neow_bonus":"THREE_RARE_CARDS","is_prod":false,"is_daily":false,"chose_seed":false,"campfire_upgraded":1,"win_rate":0,"timestamp":1547784406,"path_taken":["M","M","M","$","?","M","?","E","T","R","?","E","?","?","R","BOSS","M","M","M","$","?","R","E","?","T","M","?"],"build_version":"2019-01-17","purchased_purges":1,"victory":false,"max_hp_per_floor":[75,75,75,75,75,75,75,75,75,75,75,75,75,76,76,77,77,78,79,80,77,78,78,79,79,79,80,80],"card_choices":[{"not_picked":["Rainbow","Buffer"],"picked":"All For One","floor":0},{"not_picked":["Barrage","Skim"],"picked":"Gash","floor":1},{"not_picked":["Streamline","Stack"],"picked":"Steam","floor":2},{"not_picked":["Sweeping Beam","Rebound"],"picked":"Leap","floor":3},{"not_picked":["Streamline","Chaos"],"picked":"Hologram","floor":6},{"not_picked":["Redo","Chill"],"picked":"Beam Cell","floor":8},{"not_picked":["Turbo","Reboot"],"picked":"Gash","floor":11},{"not_picked":["Barrage","Heatsinks"],"picked":"FTL","floor":12},{"not_picked":["Loop","Chaos"],"picked":"Coolheaded","floor":14},{"not_picked":["Meteor Strike","Fission"],"picked":"Machine Learning","floor":16},{"not_picked":["Leap","Barrage","Stack+1"],"picked":"SKIP","floor":18},{"not_picked":["Static Discharge","Hello World"],"picked":"Beam Cell+1","floor":19},{"not_picked":["Cold Snap","Coolheaded"],"picked":"Chill","floor":20},{"not_picked":["Streamline","Creative AI","Compile Driver"],"picked":"SKIP","floor":24},{"not_picked":["Conserve Battery","Coolheaded"],"picked":"Streamline","floor":27}],"player_experience":714028,"relics_obtained":[{"floor":8,"key":"Whetstone"},{"floor":9,"key":"PreservedInsect"},{"floor":12,"key":"Pen Nib"},{"floor":24,"key":"Dodecahedron"},{"floor":26,"key":"Pantograph"}],"event_choices":[{"damage_healed":0,"gold_gain":0,"player_choice":"Entered Light","damage_taken":15,"max_hp_gain":0,"max_hp_loss":0,"event_name":"Shining Light","floor":5,"gold_loss":0,"cards_upgraded":["Defend_B","Strike_B"]},{"damage_healed":18,"gold_gain":0,"player_choice":"Healed","damage_taken":0,"max_hp_gain":0,"max_hp_loss":0,"event_name":"The Cleric","floor":7,"gold_loss":35},{"damage_healed":0,"gold_gain":0,"player_choice":"Trade","damage_taken":0,"relics_obtained":["FaceOfCleric"],"max_hp_gain":0,"max_hp_loss":0,"event_name":"FaceTrader","floor":13,"gold_loss":0},{"damage_healed":0,"gold_gain":0,"player_choice":"Fight","damage_taken":0,"max_hp_gain":0,"max_hp_loss":0,"event_name":"Colosseum","floor":22,"gold_loss":0},{"damage_healed":0,"gold_gain":0,"player_choice":"Fled From Nobs","damage_taken":0,"max_hp_gain":0,"max_hp_loss":0,"event_name":"Colosseum","floor":22,"gold_loss":0},{"damage_healed":0,"gold_gain":0,"player_choice":"3 cards matched","damage_taken":0,"max_hp_gain":0,"max_hp_loss":0,"event_name":"Match and Keep!","floor":25,"gold_loss":0,"cards_obtained":["Normality","Swift Strike","Gash"]}],"is_beta":false,"boss_relics":[{"not_picked":["Lizard Tail","Runic Pyramid"],"picked":"Nuclear Battery"}],"items_purged_floors":[21],"is_endless":false,"potions_floor_spawned":[1,11,12,14,19,20,24],"killed_by":"Snake Plant","ascension_level":10}