{"gold_per_floor":[113,188,188,188,188,188,214,214,214,214,241,241,241,258,258,363,363,352,39,39,39,138,138],"floor_reached":23,"playtime":672,"items_purged":["Regret"],"score":362,"play_id":"e8b88a05-f66b-441d-b023-77d5b24a6601","local_time":"20190117231942","is_ascension_mode":true,"campfire_choices":[{"data":"Zap","floor":6,"key":"SMITH"},{"data":"White Noise","floor":8,"key":"SMITH"},{"data":"Dualcast","floor":10,"key":"SMITH"},{"floor":15,"key":"REST"}],"neow_cost":"NONE","seed_source_timestamp":10691284725533,"circlet_count":0,"master_deck":["AscendersBane","Zap+1","Dualcast+1","White Noise+1","Force Field+1","Coolheaded","Cold Snap","Buffer","Turbo","Amplify","Steam Power","Consume","Go for the Eyes","Conserve Battery","Sunder","Streamline","Hologram+1","Panacea+1"],"relics":["Cracked Core","NeowsBlessing","Sundial","Bottled Flame","Lantern","DataDisk","War Paint","Juzu Bracelet","FaceOfCleric","Pandora\u0027s Box","Pen Nib"],"potions_floor_usage":[16,16],"damage_taken":[{"damage":0,"enemies":"Jaw Worm","floor":1,"turns":1},{"damage":0,"enemies":"Gremlin Nob","floor":7,"turns":1},{"damage":0,"enemies":"Lagavulin","floor":11,"turns":1},{"damage":7,"enemies":"2 Louse","floor":14,"turns":2},{"damage":14,"enemies":"Hexaghost","floor":16,"turns":16},{"damage":23,"enemies":"2 Thieves","floor":18,"turns":4},{"damage":49,"enemies":"Book of Stabbing","floor":23,"turns":5}],"seed_played":"-3284905960294402949","potions_obtained":[{"floor":1,"key":"Block Potion"},{"floor":7,"key":"AttackPotion"},{"floor":16,"key":"SteroidPotion"}],"is_trial":false,"path_per_floor":["M","?","?","T","?","R","E","R","T","R","E","?","?","M","R","B",null,"M","$","?","?","?","E"],"character_chosen":"DEFECT","items_purchased":["Panacea","Pen Nib"],"campfire_rested":1,"item_purchase_floors":[19,19],"current_hp_per_floor":[68,57,54,54,54,54,54,54,54,54,54,54,39,33,55,42,68,46,46,46,46,46,0],"gold":138,"neow_bonus":"THREE_ENEMY_KILL","is_prod":false,"is_daily":false,"chose_seed":false,"campfire_upgraded":3,"win_rate":0,"timestamp":1547785182,"path_taken":["M","?","?","?","?","R","E","R","T","R","E","?","?","M","R","BOSS","M","$","?","?","?","E"],"build_version":"2019-01-17","purchased_purges":1,"victory":false,"max_hp_per_floor":[75,75,75,75,75,75,75,75,75,75,75,75,75,76,76,77,77,78,78,78,78,78,78],"card_choices":[{"not_picked":["Compile Driver","Auto Shields"],"picked":"White Noise","floor":1},{"not_picked":["Conserve Battery","Defragment"],"picked":"Force Field","floor":7},{"not_picked":["Sweeping Beam","Barrage"],"picked":"Coolheaded","floor":11},{"not_picked":["Coolheaded","Lockon"],"picked":"Cold Snap","floor":14},{"not_picked":["Fission","Biased Cognition"],"picked":"Buffer","floor":16},{"not_picked":["Steam","Skim"],"picked":"Hologram+1","floor":18}],"player_experience":715181,"relics_obtained":[{"floor":4,"key":"Bottled Flame"},{"floor":7,"key":"DataDisk"},{"floor":9,"key":"War Paint"},{"floor":11,"key":"Juzu Bracelet"}],"event_choices":[{"damage_healed":0,"gold_gain":75,"player_choice":"Gather Gold","damage_taken":11,"max_hp_gain":0,"max_hp_loss":0,"event_name":"World of Goop","floor":2,"gold_loss":0},{"damage_healed":0,"gold_gain":0,"player_choice":"Success","damage_taken":3,"relics_obtained":["Sundial"],"max_hp_gain":0,"max_hp_loss":0,"event_name":"Scrap Ooze","floor":3,"gold_loss":0},{"damage_healed":0,"gold_gain":0,"player_choice":"Box","damage_taken":0,"relics_obtained":["Lantern"],"max_hp_gain":0,"max_hp_loss":0,"event_name":"Big Fish","floor":5,"gold_loss":0,"cards_obtained":["Regret"]},{"damage_healed":0,"gold_gain":0,"player_choice":"Trade","damage_taken":0,"relics_obtained":["FaceOfCleric"],"max_hp_gain":0,"max_hp_loss":0,"event_name":"FaceTrader","floor":12,"gold_loss":0},{"damage_healed":0,"gold_gain":0,"player_choice":"Entered Light","damage_taken":15,"max_hp_gain":0,"max_hp_loss":0,"event_name":"Shining Light","floor":13,"gold_loss":0,"cards_upgraded":["Strike_B","Defend_B"]},{"damage_healed":0,"gold_gain":0,"player_choice":"Ignored","damage_taken":0,"max_hp_gain":0,"max_hp_loss":0,"event_name":"Beggar","floor":20,"gold_loss":0},{"damage_healed":0,"gold_gain":0,"player_choice":"Upgraded","damage_taken":0,"max_hp_gain":0,"max_hp_loss":0,"event_name":"Upgrade Shrine","floor":21,"gold_loss":0,"cards_upgraded":["Panacea"]},{"damage_healed":0,"gold_gain":99,"player_choice":"Stole From Cult","damage_taken":0,"max_hp_gain":0,"max_hp_loss":0,"event_name":"Nest","floor":22,"gold_loss":0}],"is_beta":false,"boss_relics":[{"not_picked":["Philosopher\u0027s Stone","Eternal Feather"],"picked":"Pandora\u0027s Box"}],"items_purged_floors":[19],"is_endless":false,"potions_floor_spawned":[1,7,16],"killed_by":"Book of Stabbing","ascension_level":10}