{"gold_per_floor":[116,132,147,322,302,302,319,331,358,358,358,383,458,489,489,489],"floor_reached":16,"playtime":344,"items_purged":[],"score":171,"play_id":"42581432-5599-4bbb-b849-d1860488685d","local_time":"20190123231317","is_ascension_mode":true,"campfire_choices":[{"data":"Tempest","floor":6,"key":"SMITH"},{"data":"Redo","floor":11,"key":"SMITH"},{"floor":15,"key":"REST"}],"neow_cost":"NONE","seed_source_timestamp":529061990875370,"circlet_count":0,"master_deck":["AscendersBane","Strike_B","Strike_B","Strike_B","Strike_B","Defend_B","Defend_B","Defend_B","Defend_B","Zap","Dualcast","Tempest+1","Ball Lightning","Redo+1","Core Surge","Thunder Strike","Fusion","FTL"],"relics":["Cracked Core","NeowsBlessing","Dream Catcher","Omamori","Bag of Marbles"],"potions_floor_usage":[7,12,14,16],"damage_taken":[{"damage":0,"enemies":"2 Louse","floor":1,"turns":1},{"damage":0,"enemies":"Cultist","floor":2,"turns":1},{"damage":0,"enemies":"Small Slimes","floor":3,"turns":1},{"damage":0,"enemies":"2 Fungi Beasts","floor":7,"turns":2},{"damage":0,"enemies":"Large Slime","floor":8,"turns":3},{"damage":20,"enemies":"3 Sentries","floor":12,"turns":4},{"damage":10,"enemies":"Lagavulin","floor":14,"turns":5},{"damage":44,"enemies":"The Guardian","floor":16,"turns":5}],"seed_played":"-3674222247359206020","potions_obtained":[{"floor":3,"key":"AttackPotion"},{"floor":5,"key":"Explosive Potion"},{"floor":12,"key":"SkillPotion"},{"floor":14,"key":"FocusPotion"}],"is_trial":false,"path_per_floor":["M","M","M","?","?","R","M","M","T","?","R","E","?","E","R","B"],"character_chosen":"DEFECT","items_purchased":[],"campfire_rested":1,"item_purchase_floors":[],"current_hp_per_floor":[68,68,68,68,68,68,68,68,68,61,61,41,30,20,42,0],"gold":489,"neow_bonus":"THREE_ENEMY_KILL","is_prod":false,"is_daily":false,"chose_seed":false,"campfire_upgraded":2,"win_rate":0,"timestamp":1548303197,"path_taken":["M","M","M","?","?","R","?","M","T","?","R","E","?","E","R","BOSS"],"build_version":"2019-01-23","purchased_purges":0,"victory":false,"max_hp_per_floor":[75,75,75,75,75,75,75,75,75,75,75,75,75,75,75,75],"card_choices":[{"not_picked":["Hologram","Consume"],"picked":"Tempest","floor":1},{"not_picked":["Steam","Go for the Eyes"],"picked":"Ball Lightning","floor":2},{"not_picked":["Steam","Rebound"],"picked":"Redo","floor":3},{"not_picked":["Hologram","Streamline","Cold Snap"],"picked":"SKIP","floor":7},{"not_picked":["Blizzard","Cold Snap"],"picked":"Core Surge","floor":8},{"not_picked":["Barrage","Defragment"],"picked":"Thunder Strike","floor":12},{"not_picked":["Go for the Eyes","Recycle"],"picked":"Fusion","floor":14},{"not_picked":["Glacier","Barrage"],"picked":"FTL","floor":15}],"player_experience":742466,"relics_obtained":[{"floor":9,"key":"Dream Catcher"},{"floor":12,"key":"Omamori"},{"floor":14,"key":"Bag of Marbles"}],"event_choices":[{"damage_healed":0,"gold_gain":175,"player_choice":"AGREE","damage_taken":0,"max_hp_gain":0,"max_hp_loss":0,"event_name":"Liars Game","floor":4,"gold_loss":0,"cards_obtained":["Doubt"]},{"damage_healed":0,"gold_gain":0,"player_choice":"Bought 1 Potion","damage_taken":0,"max_hp_gain":0,"max_hp_loss":0,"event_name":"The Woman in Blue","floor":5,"gold_loss":0},{"cards_removed":["Doubt"],"damage_healed":0,"gold_gain":0,"player_choice":"Card Removal","damage_taken":7,"max_hp_gain":0,"max_hp_loss":0,"event_name":"Golden Wing","floor":10,"gold_loss":0},{"damage_healed":0,"gold_gain":75,"player_choice":"Gather Gold","damage_taken":11,"max_hp_gain":0,"max_hp_loss":0,"event_name":"World of Goop","floor":13,"gold_loss":0}],"is_beta":false,"boss_relics":[],"items_purged_floors":[],"is_endless":false,"potions_floor_spawned":[3,12,14],"killed_by":"The Guardian","ascension_level":11}