{"gold_per_floor":[109,109,59,59,84,123,142,158,184,56,99,118,118,149,149,268,268,283,299,313,313,347,347,18,59,83,83,122,31,51,76,76,195,195,214,234,234,234,234,278,278,298,351,389,62,97,118,118,118,118],"floor_reached":51,"playtime":1977,"items_purged":["Regret","Strike_B"],"score":1417,"play_id":"fa8c7a28-c806-4167-897a-89aceb1e5c7c","local_time":"20190124133146","is_ascension_mode":true,"campfire_choices":[{"data":"Hologram","floor":13,"key":"SMITH"},{"data":"Zap","floor":15,"key":"SMITH"},{"data":"Redo","floor":23,"key":"SMITH"},{"data":"Dualcast","floor":32,"key":"SMITH"},{"floor":41,"key":"RECALL"},{"floor":49,"key":"REST"}],"neow_cost":"NONE","seed_source_timestamp":578914032070926,"circlet_count":0,"master_deck":["AscendersBane","Strike_B+1","Defend_B+1","Defend_B+1","Defend_B+1","Defend_B+1","Zap+1","Dualcast+1","Gash+1","All For One+1","Hologram+1","FTL+1","FTL+1","Flash of Steel+1","Gash+1","Steam+1","Core Surge+1","All For One+1","Redo+1","Beam Cell+1","Stack+1","Beam Cell+1","Conserve Battery+1","Reprogram+1","Blind+1","Streamline+1","Jack Of All Trades+1","Sadistic Nature+1","Finesse+1","BootSequence+1","Panache+1","Gash+1"],"relics":["Cracked Core","NeowsBlessing","Golden Idol","Art of War","Anchor","Pear","Bag of Preparation","Juzu Bracelet","Happy Flower","Nuclear Battery","MutagenicStrength","Red Mask","Lee\u0027s Waffle","Centennial Puzzle","Whetstone","Sundial","Blood Vial","Fusion Hammer","PreservedInsect","DataDisk","Darkstone Periapt","Smiling Mask","Mark of the Bloom"],"potions_floor_usage":[12,20,42],"damage_taken":[{"damage":0,"enemies":"Jaw Worm","floor":1,"turns":1},{"damage":0,"enemies":"Lagavulin","floor":6,"turns":1},{"damage":0,"enemies":"Small Slimes","floor":7,"turns":1},{"damage":0,"enemies":"2 Louse","floor":8,"turns":2},{"damage":31,"enemies":"Gremlin Nob","floor":11,"turns":4},{"damage":0,"enemies":"Lots of Slimes","floor":12,"turns":1},{"damage":9,"enemies":"3 Sentries","floor":14,"turns":5},{"damage":28,"enemies":"Hexaghost","floor":16,"turns":6},{"damage":3,"enemies":"2 Thieves","floor":18,"turns":3},{"damage":0,"enemies":"Spheric Guardian","floor":19,"turns":3},{"damage":1,"enemies":"Chosen and Byrds","floor":20,"turns":3},{"damage":10,"enemies":"Masked Bandits","floor":22,"turns":3},{"damage":4,"enemies":"Slavers","floor":25,"turns":3},{"damage":0,"enemies":"Book of Stabbing","floor":28,"turns":2},{"damage":0,"enemies":"Snecko","floor":30,"turns":2},{"damage":7,"enemies":"Snake Plant","floor":31,"turns":3},{"damage":7,"enemies":"Automaton","floor":33,"turns":6},{"damage":1,"enemies":"3 Shapes","floor":35,"turns":3},{"damage":3,"enemies":"3 Darklings","floor":36,"turns":4},{"damage":0,"enemies":"Reptomancer","floor":40,"turns":2},{"damage":17,"enemies":"Sphere and 2 Shapes","floor":42,"turns":6},{"damage":9,"enemies":"Nemesis","floor":44,"turns":3},{"damage":0,"enemies":"Giant Head","floor":46,"turns":4},{"damage":0,"enemies":"Spire Growth","floor":47,"turns":3},{"damage":9,"enemies":"Awakened One","floor":50,"turns":6}],"seed_played":"272024781705687999","potions_obtained":[{"floor":6,"key":"Swift Potion"},{"floor":7,"key":"LiquidBronze"},{"floor":8,"key":"Explosive Potion"},{"floor":14,"key":"Swift Potion"},{"floor":16,"key":"FearPotion"},{"floor":20,"key":"GamblersBrew"},{"floor":22,"key":"Ancient Potion"},{"floor":28,"key":"Block Potion"},{"floor":44,"key":"Regen Potion"},{"floor":47,"key":"Block Potion"}],"is_trial":false,"path_per_floor":["M","?","?","?","T","E","M","M","T","$","E","M","R","E","R","B",null,"M","M","M","?","?","R","$","E","T","T","E","$","M","M","R","B",null,"M","M","?","?","?","E","R","M","T","E","$","E","M","?","R","B",null],"character_chosen":"DEFECT","items_purchased":["FTL","Flash of Steel","Lee\u0027s Waffle","Beam Cell","Blind","Panache","Gash"],"campfire_rested":1,"item_purchase_floors":[10,10,24,24,29,45,45],"current_hp_per_floor":[68,68,68,68,68,78,78,78,78,78,47,47,47,38,38,10,66,63,63,62,62,52,52,92,88,88,88,88,88,90,85,85,80,89,90,89,89,79,79,81,81,66,66,59,59,61,63,63,63,54],"gold":118,"neow_bonus":"THREE_ENEMY_KILL","is_prod":false,"is_daily":false,"chose_seed":false,"campfire_upgraded":4,"win_rate":0,"timestamp":1548354706,"path_taken":["M","?","?","?","?","E","M","M","T","$","E","M","R","E","R","BOSS","M","M","M","?","?","R","$","E","T","?","E","$","M","M","R","BOSS","M","M","?","?","?","E","R","M","T","E","$","E","M","?","R","BOSS"],"build_version":"2019-01-23","purchased_purges":2,"victory":true,"max_hp_per_floor":[75,75,75,75,75,85,85,85,85,85,85,85,85,85,85,85,85,85,85,85,85,85,85,92,92,92,92,92,92,92,92,92,92,92,92,92,92,92,92,92,92,92,92,92,92,92,92,92,92,92],"card_choices":[{"not_picked":["Leap","FTL"],"picked":"Gash","floor":1},{"not_picked":["FTL","Biased Cognition"],"picked":"All For One","floor":6},{"not_picked":["Coolheaded","Redo"],"picked":"Hologram","floor":7},{"not_picked":["Sunder","Redo"],"picked":"FTL","floor":8},{"not_picked":["Coolheaded","Turbo"],"picked":"Gash","floor":11},{"not_picked":["Fusion","FTL"],"picked":"Steam","floor":12},{"not_picked":["Aggregate","Skim"],"picked":"Core Surge","floor":14},{"not_picked":["Core Surge","Meteor Strike"],"picked":"All For One","floor":16},{"not_picked":["Glacier","Steam Power"],"picked":"Redo","floor":18},{"not_picked":["Cold Snap","Turbo"],"picked":"Beam Cell+1","floor":19},{"not_picked":["Steam+1","Blizzard"],"picked":"Stack+1","floor":20},{"not_picked":["Rebound","Coolheaded+1"],"picked":"Conserve Battery","floor":25},{"not_picked":["Hyperbeam","Sweeping Beam"],"picked":"Reprogram","floor":28},{"not_picked":["Rip and Tear","Cold Snap","Chaos"],"picked":"SKIP","floor":30},{"not_picked":["Static Discharge","Rebound"],"picked":"Streamline","floor":31},{"not_picked":["Barrage+1","Conserve Battery+1","Glacier"],"picked":"SKIP","floor":35},{"not_picked":["FTL","Defragment","Tempest+1"],"picked":"SKIP","floor":36},{"not_picked":["Sadistic Nature","Blind"],"picked":"Jack Of All Trades","floor":38},{"not_picked":["Enlightenment","Impatience"],"picked":"Sadistic Nature","floor":38},{"not_picked":["Purity","Discovery"],"picked":"Finesse","floor":38},{"not_picked":["Go for the Eyes+1","Cold Snap"],"picked":"BootSequence","floor":40},{"not_picked":["Conserve Battery","Barrage","Sweeping Beam"],"picked":"SKIP","floor":42},{"not_picked":["Redo","Recycle","Stack"],"picked":"SKIP","floor":44},{"not_picked":["Ball Lightning+1","Consume","Capacitor"],"picked":"SKIP","floor":46},{"not_picked":["Compile Driver","Conserve Battery","Heatsinks+1"],"picked":"SKIP","floor":47}],"player_experience":743899,"relics_obtained":[{"floor":5,"key":"Anchor"},{"floor":6,"key":"Pear"},{"floor":9,"key":"Bag of Preparation"},{"floor":11,"key":"Juzu Bracelet"},{"floor":14,"key":"Happy Flower"},{"floor":22,"key":"Red Mask"},{"floor":25,"key":"Centennial Puzzle"},{"floor":26,"key":"Whetstone"},{"floor":27,"key":"Sundial"},{"floor":28,"key":"Blood Vial"},{"floor":40,"key":"PreservedInsect"},{"floor":43,"key":"DataDisk"},{"floor":44,"key":"Darkstone Periapt"},{"floor":46,"key":"Smiling Mask"}],"event_choices":[{"damage_healed":0,"gold_gain":0,"player_choice":"Take Wound","damage_taken":0,"relics_obtained":["Golden Idol"],"max_hp_gain":0,"max_hp_loss":0,"event_name":"Golden Idol","floor":2,"gold_loss":0,"cards_obtained":["Injury"]},{"cards_removed":["Injury"],"damage_healed":0,"gold_gain":0,"player_choice":"Card Removal","damage_taken":0,"max_hp_gain":0,"max_hp_loss":0,"event_name":"The Cleric","floor":3,"gold_loss":50},{"damage_healed":0,"gold_gain":0,"player_choice":"Box","damage_taken":0,"relics_obtained":["Art of War"],"max_hp_gain":0,"max_hp_loss":0,"event_name":"Big Fish","floor":4,"gold_loss":0,"cards_obtained":["Regret"]},{"damage_healed":0,"gold_gain":0,"player_choice":"Inject Mutagens","damage_taken":0,"relics_obtained":["MutagenicStrength"],"max_hp_gain":0,"max_hp_loss":0,"event_name":"Drug Dealer","floor":21,"gold_loss":0},{"damage_healed":0,"gold_gain":0,"player_choice":"Fought Bandits","damage_taken":0,"max_hp_gain":0,"max_hp_loss":0,"event_name":"Masked Bandits","floor":22,"gold_loss":0},{"cards_removed":["Strike_B"],"damage_healed":0,"gold_gain":0,"player_choice":"Removed Attack","damage_taken":0,"max_hp_gain":0,"max_hp_loss":0,"event_name":"Falling","floor":37,"gold_loss":0},{"damage_healed":0,"gold_gain":0,"player_choice":"Memory 3","damage_taken":10,"max_hp_gain":0,"max_hp_loss":0,"event_name":"SensoryStone","floor":38,"gold_loss":0},{"cards_removed":["Strike_B"],"damage_healed":0,"gold_gain":0,"player_choice":"Purged","damage_taken":0,"max_hp_gain":0,"max_hp_loss":0,"event_name":"Purifier","floor":39,"gold_loss":0},{"damage_healed":0,"gold_gain":0,"player_choice":"Upgrade","damage_taken":0,"relics_obtained":["Mark of the Bloom"],"max_hp_gain":0,"max_hp_loss":0,"event_name":"MindBloom","floor":48,"gold_loss":0,"cards_upgraded":["Strike_B","Defend_B","Defend_B","Defend_B","Defend_B","All For One","FTL","FTL","Flash of Steel","Steam","Core Surge","All For One","Beam Cell","Conserve Battery","Reprogram","Blind","Streamline","Jack Of All Trades","Sadistic Nature","Finesse","BootSequence","Panache","Gash"]}],"is_beta":false,"boss_relics":[{"not_picked":["Philosopher\u0027s Stone","Inserter"],"picked":"Nuclear Battery"},{"not_picked":["Sozu","Busted Crown"],"picked":"Fusion Hammer"}],"items_purged_floors":[24,45],"is_endless":false,"potions_floor_spawned":[6,7,8,14,16,20,22,28,30,31,40,44,47],"ascension_level":11}