{"gold_per_floor":[113,63,78,42,61,61,81,106,145,157,344,356,380,357,369,381],"floor_reached":16,"playtime":527,"items_purged":["Strike_B"],"score":165,"play_id":"785dfe09-8bc7-4739-9767-758ffd4a651d","local_time":"20190210181717","is_ascension_mode":true,"campfire_choices":[{"data":"Hologram","floor":6,"key":"SMITH"},{"data":"Zap","floor":15,"key":"SMITH"}],"neow_cost":"NONE","seed_source_timestamp":425089743361153,"circlet_count":0,"master_deck":["AscendersBane","Strike_B","Strike_B","Strike_B","Defend_B","Defend_B","Defend_B","Defend_B","Zap+1","Dualcast","Hologram+1","Gash","Sunder","Sweeping Beam","Coolheaded","Echo Form+1","Regret","Doubt","Stack"],"relics":["Cracked Core","Smiling Mask","MawBank","Juzu Bracelet","Strawberry"],"potions_floor_usage":[13],"damage_taken":[{"damage":6,"enemies":"Cultist","floor":1,"turns":3},{"damage":2,"enemies":"2 Louse","floor":3,"turns":2},{"damage":0,"enemies":"Small Slimes","floor":5,"turns":2},{"damage":1,"enemies":"2 Fungi Beasts","floor":7,"turns":3},{"damage":36,"enemies":"Gremlin Nob","floor":8,"turns":5},{"damage":28,"enemies":"Exordium Wildlife","floor":13,"turns":6},{"damage":22,"enemies":"Hexaghost","floor":16,"turns":9}],"seed_played":"-2214211670736489743","potions_obtained":[{"floor":1,"key":"SpeedPotion"},{"floor":13,"key":"Ancient Potion"}],"is_trial":false,"path_per_floor":["M","$","M","$","M","R","M","E","T","?","?","?","M","?","R","B"],"character_chosen":"DEFECT","items_purchased":["Sunder"],"campfire_rested":0,"item_purchase_floors":[4],"current_hp_per_floor":[62,62,60,60,60,60,59,23,23,30,30,30,2,22,22,0],"gold":381,"neow_bonus":"RANDOM_COMMON_RELIC","is_prod":false,"is_daily":false,"chose_seed":false,"campfire_upgraded":2,"win_rate":0,"timestamp":1549840637,"path_taken":["M","$","?","$","?","R","M","E","T","?","?","?","M","?","R","BOSS"],"build_version":"2019-01-23","purchased_purges":1,"victory":false,"max_hp_per_floor":[75,75,75,75,75,75,75,75,75,82,82,82,82,82,82,82],"card_choices":[{"not_picked":["Doom and Gloom","Loop"],"picked":"Hologram","floor":1},{"not_picked":["Go for the Eyes","Cold Snap"],"picked":"Gash","floor":3},{"not_picked":["Turbo","Compile Driver"],"picked":"Sweeping Beam","floor":5},{"not_picked":["Heatsinks","Darkness"],"picked":"Coolheaded","floor":7},{"not_picked":["Creative AI","Barrage"],"picked":"Echo Form","floor":8},{"not_picked":["Aggregate","Heatsinks"],"picked":"Stack","floor":13}],"player_experience":795742,"relics_obtained":[{"floor":8,"key":"MawBank"},{"floor":9,"key":"Juzu Bracelet"}],"event_choices":[{"damage_healed":0,"gold_gain":0,"player_choice":"Box","damage_taken":0,"relics_obtained":["Strawberry"],"max_hp_gain":0,"max_hp_loss":0,"event_name":"Big Fish","floor":10,"gold_loss":0,"cards_obtained":["Regret"]},{"damage_healed":0,"gold_gain":175,"player_choice":"AGREE","damage_taken":0,"max_hp_gain":0,"max_hp_loss":0,"event_name":"Liars Game","floor":11,"gold_loss":0,"cards_obtained":["Doubt"]},{"damage_healed":0,"gold_gain":0,"player_choice":"Upgraded","damage_taken":0,"max_hp_gain":0,"max_hp_loss":0,"event_name":"Upgrade Shrine","floor":12,"gold_loss":0,"cards_upgraded":["Echo Form"]},{"damage_healed":20,"gold_gain":0,"player_choice":"Healed","damage_taken":0,"max_hp_gain":0,"max_hp_loss":0,"event_name":"The Cleric","floor":14,"gold_loss":35}],"is_beta":false,"boss_relics":[],"items_purged_floors":[2],"is_endless":false,"potions_floor_spawned":[1,13],"killed_by":"Hexaghost","ascension_level":13}