{"gold_per_floor":[17,27,46,46,63,97,112,112,159,159,191,191,224,224,224,320,320,344,357,357,32,32,32,51,51,51,69,168,168,184,512,512,586,586,596,608,608,608],"floor_reached":38,"playtime":1689,"items_purged":[],"score":683,"play_id":"16ac0f8e-7fdd-44cd-ae93-fd43d42e3a97","local_time":"20190210180814","is_ascension_mode":true,"campfire_choices":[{"data":"Zap","floor":8,"key":"SMITH"},{"floor":12,"key":"REST"},{"data":"Streamline","floor":15,"key":"SMITH"},{"floor":23,"key":"REST"},{"floor":25,"key":"REST"},{"data":"Creative AI","floor":29,"key":"SMITH"},{"data":"Thunder Strike","floor":32,"key":"SMITH"}],"neow_cost":"NO_GOLD","seed_source_timestamp":423383894156887,"circlet_count":0,"master_deck":["AscendersBane","Strike_B+1","Strike_B","Strike_B","Strike_B","Defend_B","Defend_B","Defend_B+1","Defend_B","Zap+1","Dualcast","Ball Lightning","Cold Snap","Coolheaded","Leap","Self Repair","Conserve Battery","Streamline+1","Electrodynamics","Injury","Creative AI+1","Glacier","Conserve Battery+1","Darkness","Storm","Thunder Strike+1","Barrage+1","Writhe"],"relics":["Cracked Core","Turnip","Blue Candle","Regal Pillow","Singing Bowl","Dream Catcher","Bloody Idol","Lizard Tail","Symbiotic Virus","Enchiridion","Lantern","Old Coin","Inserter"],"potions_floor_usage":[6,13,31],"damage_taken":[{"damage":1,"enemies":"Cultist","floor":1,"turns":4},{"damage":0,"enemies":"2 Louse","floor":2,"turns":3},{"damage":1,"enemies":"Small Slimes","floor":3,"turns":3},{"damage":6,"enemies":"2 Fungi Beasts","floor":5,"turns":4},{"damage":11,"enemies":"Lagavulin","floor":6,"turns":7},{"damage":4,"enemies":"Looter","floor":7,"turns":4},{"damage":17,"enemies":"3 Sentries","floor":11,"turns":8},{"damage":12,"enemies":"Lagavulin","floor":13,"turns":6},{"damage":22,"enemies":"The Guardian","floor":16,"turns":13},{"damage":31,"enemies":"Shell Parasite","floor":18,"turns":9},{"damage":18,"enemies":"Chosen","floor":19,"turns":8},{"damage":40,"enemies":"Centurion and Healer","floor":24,"turns":8},{"damage":17,"enemies":"3 Cultists","floor":27,"turns":4},{"damage":10,"enemies":"Sentry and Sphere","floor":30,"turns":6},{"damage":24,"enemies":"Slavers","floor":31,"turns":3},{"damage":70,"enemies":"Champ","floor":33,"turns":12},{"damage":31,"enemies":"3 Darklings","floor":35,"turns":5},{"damage":17,"enemies":"Orb Walker","floor":36,"turns":4},{"damage":81,"enemies":"Writhing Mass","floor":38,"turns":3}],"seed_played":"-6977040399554134147","potions_obtained":[{"floor":1,"key":"Block Potion"},{"floor":6,"key":"Fire Potion"},{"floor":7,"key":"Strength Potion"},{"floor":13,"key":"Explosive Potion"},{"floor":31,"key":"SneckoOil"},{"floor":35,"key":"Explosive Potion"}],"is_trial":false,"path_per_floor":["M","M","M","?","M","E","M","R","T","?","E","R","E","?","R","B",null,"M","M","?","$","?","R","M","R","T","M","?","R","M","E","R","B",null,"M","M","?","M"],"character_chosen":"DEFECT","items_purchased":["Darkness","Symbiotic Virus"],"campfire_rested":3,"item_purchase_floors":[21,21],"current_hp_per_floor":[67,67,66,66,60,49,52,52,52,37,27,64,59,59,59,44,67,43,25,25,25,9,48,15,53,53,50,55,55,57,52,52,55,78,59,49,71,0],"gold":608,"neow_bonus":"ONE_RARE_RELIC","is_prod":false,"is_daily":false,"chose_seed":false,"campfire_upgraded":4,"win_rate":0,"timestamp":1549840094,"path_taken":["M","M","?","?","M","E","M","R","T","?","E","R","E","?","R","BOSS","M","M","?","$","?","R","M","R","T","M","?","R","?","E","R","BOSS","M","M","?","M"],"build_version":"2019-01-23","purchased_purges":0,"victory":false,"max_hp_per_floor":[75,75,75,75,75,75,75,75,75,75,75,75,75,75,75,75,75,75,75,75,75,75,77,79,79,79,81,81,81,81,83,83,85,85,85,87,87,87],"card_choices":[{"not_picked":["Hello World","Streamline"],"picked":"Ball Lightning","floor":1},{"not_picked":["Sweeping Beam","Self Repair"],"picked":"Cold Snap","floor":2},{"not_picked":["Beam Cell","Sweeping Beam"],"picked":"Coolheaded","floor":3},{"not_picked":["Undo","Redo"],"picked":"Leap","floor":5},{"not_picked":["Machine Learning","Auto Shields"],"picked":"Self Repair","floor":6},{"not_picked":["Self Repair","Turbo"],"picked":"Conserve Battery","floor":7},{"not_picked":["Cold Snap","Compile Driver"],"picked":"Streamline","floor":11},{"not_picked":["Steam","Fusion"],"picked":"Electrodynamics","floor":13},{"not_picked":["Buffer","Biased Cognition"],"picked":"Creative AI","floor":16},{"not_picked":["Turbo+1","Streamline"],"picked":"Glacier","floor":18},{"not_picked":["Heatsinks","Turbo"],"picked":"Conserve Battery+1","floor":19},{"not_picked":["Gash","Aggregate","Leap"],"picked":"Singing Bowl","floor":23},{"not_picked":["Glacier","Leap","Storm"],"picked":"Singing Bowl","floor":24},{"not_picked":["Self Repair+1","Static Discharge"],"picked":"Storm","floor":25},{"not_picked":["Heatsinks","Beam Cell","Darkness"],"picked":"Singing Bowl","floor":27},{"not_picked":["Rebound","Compile Driver"],"picked":"Thunder Strike","floor":30},{"not_picked":["Ball Lightning","Reprogram","Leap"],"picked":"Singing Bowl","floor":31},{"not_picked":["Machine Learning","Multi-Cast","Buffer"],"picked":"Singing Bowl","floor":33},{"not_picked":["Go for the Eyes","Steam"],"picked":"Barrage+1","floor":35},{"not_picked":["Beam Cell","Recycle","Compile Driver"],"picked":"Singing Bowl","floor":36}],"player_experience":794053,"relics_obtained":[{"floor":6,"key":"Blue Candle"},{"floor":9,"key":"Regal Pillow"},{"floor":11,"key":"Singing Bowl"},{"floor":13,"key":"Dream Catcher"},{"floor":22,"key":"Enchiridion"},{"floor":26,"key":"Lantern"},{"floor":31,"key":"Old Coin"}],"event_choices":[{"damage_healed":0,"gold_gain":0,"player_choice":"Leave","damage_taken":0,"max_hp_gain":0,"max_hp_loss":0,"event_name":"The Cleric","floor":4,"gold_loss":0},{"damage_healed":0,"gold_gain":0,"player_choice":"Entered Light","damage_taken":15,"max_hp_gain":0,"max_hp_loss":0,"event_name":"Shining Light","floor":10,"gold_loss":0,"cards_upgraded":["Defend_B","Strike_B"]},{"damage_healed":0,"gold_gain":0,"player_choice":"Take Wound","damage_taken":0,"relics_obtained":["Golden Idol"],"max_hp_gain":0,"max_hp_loss":0,"event_name":"Golden Idol","floor":14,"gold_loss":0,"cards_obtained":["Injury"]},{"damage_healed":0,"gold_gain":0,"player_choice":"Gave Idol","damage_taken":0,"relics_obtained":["Bloody Idol"],"max_hp_gain":0,"max_hp_loss":0,"event_name":"Forgotten Altar","floor":20,"relics_lost":["Golden Idol"],"gold_loss":0},{"damage_healed":0,"gold_gain":0,"player_choice":"Obtained Book","damage_taken":16,"max_hp_gain":0,"max_hp_loss":0,"event_name":"Cursed Tome","floor":22,"gold_loss":0},{"damage_healed":0,"gold_gain":99,"player_choice":"Stole From Cult","damage_taken":0,"max_hp_gain":0,"max_hp_loss":0,"event_name":"Nest","floor":28,"gold_loss":0},{"damage_healed":22,"gold_gain":0,"player_choice":"Writhe","damage_taken":0,"max_hp_gain":0,"max_hp_loss":0,"event_name":"Winding Halls","floor":37,"gold_loss":0,"cards_obtained":["Writhe"]}],"is_beta":false,"boss_relics":[{"not_picked":["Pandora\u0027s Box","White Beast Statue"],"picked":"Lizard Tail"},{"not_picked":["Nuclear Battery","Empty Cage"],"picked":"Inserter"}],"items_purged_floors":[],"is_endless":false,"potions_floor_spawned":[1,6,7,11,13,27,31,35,36],"killed_by":"Writhing Mass","ascension_level":13}