{"gold_per_floor":[209,225,225,242,10,44,44,372,398,398,431,448,463,482,482,560,560,573,46,46,58,58,58,111,129,129,160,179,190,190,221,221,293,293,306,326,326],"floor_reached":37,"playtime":1752,"items_purged":[],"score":819,"play_id":"5a0128d0-4c9c-4ccd-80de-9123c18a75e9","local_time":"20190320211540","is_ascension_mode":true,"campfire_choices":[{"data":"Apotheosis","floor":7.0,"key":"SMITH"},{"floor":10.0,"key":"REST"},{"floor":15.0,"key":"REST"},{"data":"Panacea","floor":23.0,"key":"SMITH"},{"floor":30,"key":"REST"},{"floor":32,"key":"REST"}],"neow_cost":"NONE","seed_source_timestamp":0,"circlet_count":0,"master_deck":["AscendersBane","Strike_B","Strike_B","Strike_B","Defend_B","Defend_B","Defend_B","Defend_B","Zap","Dualcast","Melter","Go for the Eyes","Steam","Apotheosis+1","Capacitor","Beam Cell","Cold Snap","Fusion","Chaos","Steam","Biased Cognition","Sunder","Capacitor","Panacea+1","Chill","Rebound","Consume","Hologram","All For One"],"special_seed":0,"relics":["Cracked Core","Ancient Tea Set","Vajra","Old Coin","Bag of Marbles","Oddly Smooth Stone","Runic Pyramid","Kunai","Tiny Chest","DataDisk","Pantograph","Dead Branch","Matryoshka","Nuclear Battery"],"potions_floor_usage":[],"damage_taken":[{"damage":9.0,"enemies":"2 Louse","floor":1.0,"turns":3.0},{"damage":2.0,"enemies":"Jaw Worm","floor":2.0,"turns":3.0},{"damage":0.0,"enemies":"Cultist","floor":4.0,"turns":3.0},{"damage":14.0,"enemies":"3 Sentries","floor":6.0,"turns":6.0},{"damage":18.0,"enemies":"Gremlin Nob","floor":8.0,"turns":3.0},{"damage":10.0,"enemies":"Lagavulin","floor":11.0,"turns":5.0},{"damage":1.0,"enemies":"Large Slime","floor":12.0,"turns":6.0},{"damage":3.0,"enemies":"Exordium Wildlife","floor":13.0,"turns":5.0},{"damage":10.0,"enemies":"Exordium Thugs","floor":14.0,"turns":4.0},{"damage":14.0,"enemies":"Slime Boss","floor":16.0,"turns":11.0},{"damage":0.0,"enemies":"Spheric Guardian","floor":18.0,"turns":3.0},{"damage":1.0,"enemies":"Shell Parasite","floor":21.0,"turns":5.0},{"damage":12.0,"enemies":"Snake Plant","floor":25.0,"turns":4.0},{"damage":32.0,"enemies":"Slavers","floor":27.0,"turns":7.0},{"damage":3.0,"enemies":"Cultist and Chosen","floor":28.0,"turns":6.0},{"damage":6,"enemies":"Shelled Parasite and Fungi","floor":29,"turns":10},{"damage":26,"enemies":"Gremlin Leader","floor":31,"turns":7},{"damage":0,"enemies":"Automaton","floor":33,"turns":9},{"damage":46,"enemies":"3 Darklings","floor":35,"turns":5},{"damage":0,"enemies":"3 Shapes","floor":36,"turns":5},{"damage":31,"enemies":"2 Orb Walkers","floor":37,"turns":2}],"seed_played":"2504827480816121680","potions_obtained":[{"floor":1.0,"key":"Fruit Juice"},{"floor":2.0,"key":"Swift Potion"},{"floor":13.0,"key":"Strength Potion"},{"floor":16.0,"key":"Poison Potion"},{"floor":18.0,"key":"Strength Potion"},{"floor":25.0,"key":"Energy Potion"}],"is_trial":false,"path_per_floor":["M","M","?","M","$","E","R","E","T","R","E","M","M","M","R","B",null,"M","$","?","M","?","R","T","M","T","E","M","M","R","E","R","B",null,"M","M","?"],"character_chosen":"DEFECT","items_purchased":["Apotheosis","Capacitor","Capacitor","Panacea","Kunai","Tiny Chest"],"campfire_rested":4,"item_purchase_floors":[5,5,19,19,19,19],"current_hp_per_floor":[64,62,59,59,59,45,45,27,27,51,41,40,37,27,51,37,69,69,69,69,68,68,68,68,56,56,24,21,15,39,13,37,62,76,30,30,0],"gold":326,"neow_bonus":"HUNDRED_GOLD","is_prod":false,"is_daily":false,"chose_seed":false,"campfire_upgraded":2,"win_rate":0,"timestamp":1553130940,"path_taken":["M","M","?","M","$","E","R","E","T","R","E","M","M","M","R","BOSS","M","$","?","?","?","R","?","M","T","E","M","?","R","E","R","BOSS","M","M","?"],"build_version":"2019-01-23","purchased_purges":0,"victory":false,"max_hp_per_floor":[80,80,80,80,80,80,80,80,80,80,80,80,80,80,80,80,80,80,80,80,80,80,80,80,80,80,80,80,80,80,80,80,80,80,80,80,80],"card_choices":[{"not_picked":["Skim","Blizzard"],"picked":"Melter","floor":1.0},{"not_picked":["Storm","Force Field"],"picked":"Go for the Eyes","floor":2.0},{"not_picked":["Consume","Self Repair"],"picked":"Steam","floor":4.0},{"not_picked":["Ball Lightning","Skim"],"picked":"Beam Cell","floor":6.0},{"not_picked":["Streamline","Turbo"],"picked":"Cold Snap","floor":8.0},{"not_picked":["Leap","Conserve Battery"],"picked":"Fusion","floor":11.0},{"not_picked":["Fusion","Beam Cell"],"picked":"Chaos","floor":12.0},{"not_picked":["Gash","Chaos"],"picked":"Steam","floor":13.0},{"not_picked":["Chaos","Recycle","Steam"],"picked":"SKIP","floor":14.0},{"not_picked":["Amplify","Core Surge"],"picked":"Biased Cognition","floor":16.0},{"not_picked":["Conserve Battery","Force Field"],"picked":"Sunder","floor":18.0},{"not_picked":["Fusion","Reprogram"],"picked":"Chill","floor":21.0},{"not_picked":["Turbo","Recycle"],"picked":"Rebound","floor":25.0},{"not_picked":["Compile Driver+1","Auto Shields+1"],"picked":"Consume","floor":27.0},{"not_picked":["Force Field","Stack"],"picked":"Hologram","floor":28.0},{"not_picked":["Barrage","Leap","Compile Driver"],"picked":"SKIP","floor":29},{"not_picked":["Conserve Battery","Rip and Tear+1","Barrage"],"picked":"SKIP","floor":31},{"not_picked":["Seek","Fission"],"picked":"All For One","floor":33},{"not_picked":["Cold Snap+1","Streamline","Chaos"],"picked":"SKIP","floor":35},{"not_picked":["Ball Lightning","Conserve Battery+1","Leap"],"picked":"SKIP","floor":36}],"player_experience":828804,"relics_obtained":[{"floor":6.0,"key":"Vajra"},{"floor":8.0,"key":"Old Coin"},{"floor":9.0,"key":"Bag of Marbles"},{"floor":11.0,"key":"Oddly Smooth Stone"},{"floor":24.0,"key":"DataDisk"},{"floor":26.0,"key":"Pantograph"},{"floor":27.0,"key":"Dead Branch"},{"floor":31,"key":"Matryoshka"}],"event_choices":[{"damage_healed":0.0,"max_hp_gain":0.0,"max_hp_loss":0.0,"gold_gain":0.0,"event_name":"Scrap Ooze","player_choice":"Success","floor":3.0,"gold_loss":0.0,"damage_taken":3.0,"relics_obtained":["Ancient Tea Set"]},{"cards_removed":["Strike_B"],"damage_healed":0.0,"max_hp_gain":0.0,"max_hp_loss":0.0,"gold_gain":0.0,"event_name":"Bonfire Elementals","player_choice":"Offered Basic","floor":20.0,"gold_loss":0.0,"damage_taken":0.0},{"damage_healed":0.0,"max_hp_gain":0.0,"max_hp_loss":0.0,"gold_gain":0.0,"event_name":"Ghosts","player_choice":"Ignored","floor":22.0,"gold_loss":0.0,"damage_taken":0.0},{"damage_healed":0,"gold_gain":0,"player_choice":"Fight","damage_taken":0,"max_hp_gain":0,"max_hp_loss":0,"event_name":"Mysterious Sphere","floor":37,"gold_loss":0}],"is_beta":false,"boss_relics":[{"not_picked":["White Beast Statue","Coffee Dripper"],"picked":"Runic Pyramid"},{"not_picked":["Philosopher\u0027s Stone","Black Star"],"picked":"Nuclear Battery"}],"items_purged_floors":[],"is_endless":false,"potions_floor_spawned":[1,2,13,16,18,25,31],"killed_by":"2 Orb Walkers","ascension_level":13}