{"gold_per_floor":[10,10,27,27,27,58,68,68,68,68,82,98,98,131,131,203,203,214,214,214,228,245,278,278,278,358,411,411,411],"floor_reached":29,"playtime":3882,"items_purged":[],"score":488,"play_id":"8e6af49b-db07-48ce-affc-0ce302445ac9","local_time":"20190405220558","is_ascension_mode":true,"campfire_choices":[{"data":"Zap","floor":8,"key":"SMITH"},{"data":"Conserve Battery","floor":10,"key":"SMITH"},{"floor":13,"key":"REST"},{"data":"Sunder","floor":15,"key":"SMITH"},{"data":"Echo Form","floor":24,"key":"SMITH"},{"floor":28,"key":"REST"}],"neow_cost":"NO_GOLD","seed_source_timestamp":120450995600,"circlet_count":0,"master_deck":["AscendersBane","Strike_B","Strike_B","Strike_B","Defend_B","Defend_B","Defend_B","Zap+1","Dualcast","Ball Lightning","Skim","BootSequence","Go for the Eyes","Conserve Battery+1","Sunder+1","Lockon","Blizzard","Core Surge","Loop","Cold Snap","Redo","Echo Form+1"],"relics":["Cracked Core","Ice Cream","Sundial","Omamori","Nuclear Battery","Potion Belt","Smiling Mask","Toxic Egg 2","Tiny Chest"],"potions_floor_usage":[16,16,21,23,25,25],"damage_taken":[{"damage":3,"enemies":"2 Louse","floor":1,"turns":2},{"damage":0,"enemies":"Small Slimes","floor":3,"turns":3},{"damage":23,"enemies":"Gremlin Nob","floor":6,"turns":4},{"damage":2,"enemies":"Jaw Worm","floor":7,"turns":2},{"damage":0,"enemies":"Blue Slaver","floor":11,"turns":3},{"damage":1,"enemies":"Looter","floor":12,"turns":2},{"damage":10,"enemies":"Lagavulin","floor":14,"turns":5},{"damage":25,"enemies":"The Guardian","floor":16,"turns":10},{"damage":18,"enemies":"2 Thieves","floor":18,"turns":4},{"damage":12,"enemies":"3 Byrds","floor":21,"turns":4},{"damage":2,"enemies":"Cultist and Chosen","floor":22,"turns":6},{"damage":0,"enemies":"Gremlin Leader","floor":23,"turns":5},{"damage":27,"enemies":"Book of Stabbing","floor":25,"turns":4},{"damage":24,"enemies":"Slavers","floor":29,"turns":1}],"seed_played":"6615716174120622103","potions_obtained":[{"floor":6,"key":"SteroidPotion"},{"floor":7,"key":"PowerPotion"},{"floor":11,"key":"Block Potion"},{"floor":20,"key":"Explosive Potion"},{"floor":20,"key":"Strength Potion"},{"floor":20,"key":"SmokeBomb"},{"floor":22,"key":"PowerPotion"},{"floor":23,"key":"Energy Potion"}],"is_trial":false,"path_per_floor":["M","?","M","?","$","E","M","R","T","R","M","M","R","E","R","B",null,"M","?","?","M","M","E","R","E","T","T","R","E"],"character_chosen":"DEFECT","items_purchased":[],"campfire_rested":2,"item_purchase_floors":[],"current_hp_per_floor":[65,65,65,58,58,35,33,33,33,33,33,32,54,44,44,19,61,43,43,43,31,29,29,29,2,2,2,24,0],"gold":411,"neow_bonus":"ONE_RARE_RELIC","is_prod":false,"is_daily":false,"chose_seed":false,"campfire_upgraded":4,"win_rate":0,"timestamp":1554516358,"path_taken":["M","?","M","?","?","E","M","R","T","R","M","M","R","E","R","BOSS","M","?","?","M","?","E","R","E","T","?","R","E"],"build_version":"2019-01-23","purchased_purges":0,"victory":false,"max_hp_per_floor":[75,75,75,75,75,75,75,75,75,75,75,75,75,75,75,75,75,75,75,75,75,75,75,75,75,75,75,75,75],"card_choices":[{"not_picked":["Streamline","Genetic Algorithm"],"picked":"Ball Lightning","floor":1},{"not_picked":["Steam","Glacier"],"picked":"BootSequence","floor":3},{"not_picked":["Hologram","Gash"],"picked":"Go for the Eyes","floor":6},{"not_picked":["Go for the Eyes","Ball Lightning"],"picked":"Conserve Battery","floor":7},{"not_picked":["Cold Snap","Steam"],"picked":"Sunder","floor":11},{"not_picked":["Barrage","Redo"],"picked":"Lockon","floor":12},{"not_picked":["Redo","Cold Snap"],"picked":"Blizzard","floor":14},{"not_picked":["Multi-Cast","Machine Learning"],"picked":"Core Surge","floor":16},{"not_picked":["Heatsinks+1","Force Field"],"picked":"Loop","floor":18},{"not_picked":["Streamline","Rebound+1"],"picked":"Cold Snap","floor":21},{"not_picked":["Tempest","Beam Cell"],"picked":"Redo","floor":22},{"not_picked":["Sweeping Beam","Coolheaded"],"picked":"Echo Form","floor":23}],"player_experience":854529,"relics_obtained":[{"floor":6,"key":"Sundial"},{"floor":14,"key":"Omamori"},{"floor":23,"key":"Smiling Mask"},{"floor":26,"key":"Toxic Egg 2"},{"floor":27,"key":"Tiny Chest"}],"event_choices":[{"damage_healed":0,"gold_gain":0,"cards_transformed":["Strike_B"],"player_choice":"Change","damage_taken":0,"max_hp_gain":0,"max_hp_loss":0,"event_name":"Living Wall","floor":2,"gold_loss":0,"cards_obtained":["Skim"]},{"cards_removed":["Defend_B"],"damage_healed":0,"gold_gain":0,"player_choice":"Card Removal","damage_taken":7,"max_hp_gain":0,"max_hp_loss":0,"event_name":"Golden Wing","floor":4,"gold_loss":0},{"damage_healed":0,"gold_gain":0,"player_choice":"Opened","damage_taken":0,"relics_obtained":["Potion Belt"],"max_hp_gain":0,"max_hp_loss":0,"event_name":"The Mausoleum","floor":19,"gold_loss":0},{"damage_healed":0,"gold_gain":0,"player_choice":"Got Potions","damage_taken":0,"max_hp_gain":0,"max_hp_loss":0,"event_name":"Lab","floor":20,"gold_loss":0}],"is_beta":false,"boss_relics":[{"not_picked":["Busted Crown","Inserter"],"picked":"Nuclear Battery"}],"items_purged_floors":[],"is_endless":false,"potions_floor_spawned":[6,7,11,12,14,22,23],"killed_by":"Slavers","ascension_level":13}