{"gold_per_floor":[19,19,30,40,40,71,88,88],"floor_reached":8,"playtime":315,"items_purged":[],"score":96,"play_id":"a09f2982-c7c0-45a2-b865-1d00501a888e","local_time":"20190402202130","is_ascension_mode":true,"campfire_choices":[],"neow_cost":"NO_GOLD","seed_source_timestamp":383981160605900,"circlet_count":0,"master_deck":["AscendersBane","Strike_B","Strike_B","Strike_B","Defend_B","Defend_B","Defend_B","Zap","Dualcast","Coolheaded","Buffer","Zap","Doom and Gloom","Consume","Regret","Leap","Conserve Battery"],"relics":["Cracked Core","Bag of Preparation","Gremlin Horn"],"potions_floor_usage":[6],"damage_taken":[{"damage":2,"enemies":"Jaw Worm","floor":1,"turns":3},{"damage":4,"enemies":"Cultist","floor":3,"turns":4},{"damage":7,"enemies":"2 Louse","floor":4,"turns":3},{"damage":17,"enemies":"Lagavulin","floor":6,"turns":8},{"damage":0,"enemies":"Gremlin Gang","floor":7,"turns":3},{"damage":40,"enemies":"Gremlin Nob","floor":8,"turns":4}],"seed_played":"-5355660339424965518","potions_obtained":[{"floor":3,"key":"Weak Potion"}],"is_trial":false,"path_per_floor":["M","?","M","M","?","E","M","E"],"character_chosen":"DEFECT","items_purchased":[],"campfire_rested":0,"item_purchase_floors":[],"current_hp_per_floor":[66,66,62,55,55,38,38,0],"gold":88,"neow_bonus":"REMOVE_TWO","is_prod":false,"is_daily":false,"chose_seed":false,"campfire_upgraded":0,"win_rate":0,"timestamp":1554250890,"path_taken":["M","?","M","?","?","E","M","E"],"build_version":"2019-01-23","purchased_purges":0,"victory":false,"max_hp_per_floor":[75,75,75,75,75,75,75,75],"card_choices":[{"not_picked":["Conserve Battery","Auto Shields"],"picked":"Coolheaded","floor":1},{"not_picked":["Leap","Auto Shields"],"picked":"Doom and Gloom","floor":3},{"not_picked":["Turbo","Leap"],"picked":"Consume","floor":4},{"not_picked":["Compile Driver","Coolheaded"],"picked":"Leap","floor":6},{"not_picked":["Rebound","Doom and Gloom"],"picked":"Conserve Battery","floor":7}],"player_experience":852209,"relics_obtained":[{"floor":6,"key":"Gremlin Horn"}],"event_choices":[{"damage_healed":0,"gold_gain":0,"player_choice":"2 cards matched","damage_taken":0,"max_hp_gain":0,"max_hp_loss":0,"event_name":"Match and Keep!","floor":2,"gold_loss":0,"cards_obtained":["Buffer","Zap"]},{"damage_healed":0,"gold_gain":0,"player_choice":"Box","damage_taken":0,"relics_obtained":["Bag of Preparation"],"max_hp_gain":0,"max_hp_loss":0,"event_name":"Big Fish","floor":5,"gold_loss":0,"cards_obtained":["Regret"]}],"is_beta":false,"boss_relics":[],"items_purged_floors":[],"is_endless":false,"potions_floor_spawned":[3],"killed_by":"Gremlin Nob","ascension_level":13}