{"gold_per_floor":[369,17,17,28,41,41,56,84,84,84,84,95,95,114,114,189,189,199,199,25,25,38,38,38,67,92,92,104,104],"floor_reached":29,"playtime":1180,"items_purged":["Strike_B"],"score":413,"play_id":"869802aa-45b8-4705-ab95-8a3b8741cde3","local_time":"20190412223057","is_ascension_mode":true,"campfire_choices":[{"data":"Zap","floor":6.0,"key":"SMITH"},{"floor":10.0,"key":"DIG"},{"floor":15.0,"key":"DIG"},{"floor":23.0,"key":"REST"},{"floor":27.0,"key":"REST"}],"neow_cost":"PERCENT_DAMAGE","seed_source_timestamp":381001468392900,"circlet_count":0,"master_deck":["AscendersBane","Zap+1","Dualcast","Ball Lightning","Conserve Battery","Sweeping Beam","Melter","Streamline","Beam Cell","Double Energy","BootSequence","Parasite","Go for the Eyes","Echo Form","Genetic Algorithm","Hologram","Coolheaded","Sweeping Beam","Turbo","Creative AI","Barrage+1","Apotheosis","Necronomicurse","Conserve Battery+1","Buffer","Streamline"],"special_seed":0,"relics":["Cracked Core","Sling","Dead Branch","Shovel","StoneCalendar","Centennial Puzzle","Pandora\u0027s Box","Necronomicon","Juzu Bracelet","PreservedInsect"],"potions_floor_usage":[],"damage_taken":[{"damage":2.0,"enemies":"Jaw Worm","floor":1.0,"turns":3.0},{"damage":0.0,"enemies":"Cultist","floor":4.0,"turns":2.0},{"damage":0.0,"enemies":"2 Louse","floor":5.0,"turns":2.0},{"damage":9.0,"enemies":"Blue Slaver","floor":7.0,"turns":3.0},{"damage":18.0,"enemies":"3 Sentries","floor":8.0,"turns":4.0},{"damage":2.0,"enemies":"Exordium Wildlife","floor":12.0,"turns":2.0},{"damage":0.0,"enemies":"Exordium Thugs","floor":14.0,"turns":3.0},{"damage":22.0,"enemies":"Hexaghost","floor":16.0,"turns":7.0},{"damage":14.0,"enemies":"2 Thieves","floor":18.0,"turns":3.0},{"damage":17.0,"enemies":"Chosen","floor":22.0,"turns":5.0},{"damage":13.0,"enemies":"Slavers","floor":25.0,"turns":4.0},{"damage":16.0,"enemies":"3 Cultists","floor":28.0,"turns":5.0},{"damage":26,"enemies":"Gremlin Leader","floor":29,"turns":4}],"seed_played":"6406396181145445705","potions_obtained":[{"floor":4.0,"key":"SteroidPotion"},{"floor":7.0,"key":"Energy Potion"},{"floor":14.0,"key":"Block Potion"},{"floor":22.0,"key":"Regen Potion"}],"is_trial":false,"path_per_floor":["M","$","?","M","M","R","M","E","T","R","?","M","?","M","R","B",null,"M","?","$","?","M","R","$","E","T","R","M","E"],"character_chosen":"DEFECT","items_purchased":["Conserve Battery","Sweeping Beam","Sling","Apotheosis"],"campfire_rested":2,"item_purchase_floors":[2,2,2,20],"current_hp_per_floor":[44,44,44,44,44,44,35,17,17,17,17,15,32,32,32,10,56,42,42,42,26,9,30,30,17,17,38,22,0],"gold":104,"neow_bonus":"TWO_FIFTY_GOLD","is_prod":false,"is_daily":false,"chose_seed":false,"campfire_upgraded":1,"win_rate":0,"timestamp":1555122657,"path_taken":["M","$","?","?","M","R","M","E","T","R","?","M","?","M","R","BOSS","M","?","$","?","?","R","$","E","T","R","M","E"],"build_version":"2019-01-23","purchased_purges":1,"victory":false,"max_hp_per_floor":[71,71,71,71,71,71,71,71,71,71,71,71,71,71,71,71,71,71,71,71,71,71,71,71,71,71,71,71,71],"card_choices":[{"not_picked":["Hello World","Steam"],"picked":"Ball Lightning","floor":1.0},{"not_picked":["Sweeping Beam","Reprogram"],"picked":"Melter","floor":4.0},{"not_picked":["Lockon","Sweeping Beam"],"picked":"Streamline","floor":5.0},{"not_picked":["Sunder","Aggregate"],"picked":"Beam Cell","floor":7.0},{"not_picked":["Tempest","Aggregate"],"picked":"Double Energy","floor":8.0},{"not_picked":["Genetic Algorithm","Gash"],"picked":"BootSequence","floor":12.0},{"not_picked":["Gash","Conserve Battery"],"picked":"Go for the Eyes","floor":14.0},{"not_picked":["Buffer","Amplify"],"picked":"Echo Form","floor":16.0},{"not_picked":["Ball Lightning","Hologram"],"picked":"Barrage+1","floor":18.0},{"not_picked":["Gash","Steam Power"],"picked":"Conserve Battery+1","floor":22.0},{"not_picked":["Sweeping Beam+1","Redo+1"],"picked":"Buffer","floor":25.0},{"not_picked":["Go for the Eyes","Leap"],"picked":"Streamline","floor":28.0}],"player_experience":878250,"relics_obtained":[{"floor":8.0,"key":"Dead Branch"},{"floor":9.0,"key":"Shovel"},{"floor":10.0,"key":"StoneCalendar"},{"floor":15.0,"key":"Centennial Puzzle"},{"floor":21.0,"key":"Necronomicon"},{"floor":25.0,"key":"Juzu Bracelet"},{"floor":26.0,"key":"PreservedInsect"}],"event_choices":[{"cards_removed":["Strike_B"],"damage_healed":0.0,"max_hp_gain":0.0,"max_hp_loss":0.0,"gold_gain":0.0,"event_name":"Purifier","player_choice":"Purged","floor":3.0,"gold_loss":0.0,"damage_taken":0.0},{"damage_healed":0.0,"max_hp_gain":0.0,"max_hp_loss":0.0,"gold_gain":0.0,"event_name":"Golden Idol","player_choice":"Ignored","floor":11.0,"gold_loss":0.0,"damage_taken":0.0},{"damage_healed":17.0,"max_hp_gain":0.0,"max_hp_loss":0.0,"gold_gain":0.0,"event_name":"Mushrooms","player_choice":"Healed and dodged fight","floor":13.0,"gold_loss":0.0,"damage_taken":0.0,"cards_obtained":["Parasite"]},{"damage_healed":0.0,"max_hp_gain":0.0,"max_hp_loss":0.0,"gold_gain":0.0,"event_name":"Vampires","player_choice":"Ignored","floor":19.0,"gold_loss":0.0,"damage_taken":0.0},{"damage_healed":0.0,"max_hp_gain":0.0,"max_hp_loss":0.0,"gold_gain":0.0,"event_name":"Cursed Tome","player_choice":"Obtained Book","floor":21.0,"gold_loss":0.0,"damage_taken":16.0}],"is_beta":false,"boss_relics":[{"not_picked":["Velvet Choker","Black Star"],"picked":"Pandora\u0027s Box"}],"items_purged_floors":[2],"is_endless":false,"potions_floor_spawned":[4,7,14,16,22],"killed_by":"Gremlin Leader","ascension_level":14}