{"gold_per_floor":[113,129,148,45,45,45,63,88,88,88,88,123,123,139,139,211,211,227,227,243,158,0,0,0],"floor_reached":24,"playtime":735,"items_purged":[],"score":347,"play_id":"68b31cb7-63cb-41af-9801-d305b0ec224a","local_time":"20190421004633","is_ascension_mode":true,"campfire_choices":[{"data":"Zap","floor":6,"key":"SMITH"},{"data":"Dualcast","floor":11,"key":"SMITH"},{"floor":13,"key":"REST"},{"floor":15,"key":"REST"},{"floor":23,"key":"REST"}],"neow_cost":"NONE","seed_source_timestamp":365609966797600,"circlet_count":0,"master_deck":["AscendersBane","Strike_B","Strike_B","Defend_B","Defend_B","Defend_B","Defend_B","Zap+1","Dualcast+1","Hologram+1","Gash","Leap","Doom and Gloom","Scrape","Reinforced Body+1","Stack","Hologram","Conserve Battery","Electrodynamics","Ball Lightning","Genetic Algorithm+1"],"relics":["Cracked Core","NeowsBlessing","War Paint","Potion Belt","Gremlin Horn","Black Star","Ornamental Fan"],"potions_floor_usage":[8,16,24,24,24],"damage_taken":[{"damage":0,"enemies":"Cultist","floor":1,"turns":1},{"damage":0,"enemies":"2 Louse","floor":2,"turns":1},{"damage":0,"enemies":"Jaw Worm","floor":3,"turns":1},{"damage":1,"enemies":"Looter","floor":7,"turns":3},{"damage":18,"enemies":"Lagavulin","floor":8,"turns":5},{"damage":29,"enemies":"Gremlin Nob","floor":12,"turns":5},{"damage":4,"enemies":"3 Louse","floor":14,"turns":2},{"damage":39,"enemies":"The Guardian","floor":16,"turns":12},{"damage":0,"enemies":"Chosen","floor":18,"turns":6},{"damage":22,"enemies":"Colosseum Slavers","floor":19,"turns":4},{"damage":24,"enemies":"Shell Parasite","floor":20,"turns":7},{"damage":39,"enemies":"Slavers","floor":24,"turns":4}],"seed_played":"1970264281431377630","potions_obtained":[{"floor":2,"key":"Strength Potion"},{"floor":3,"key":"Explosive Potion"},{"floor":14,"key":"Strength Potion"},{"floor":16,"key":"Strength Potion"},{"floor":18,"key":"FearPotion"}],"is_trial":false,"path_per_floor":["M","M","M","$","?","R","M","E","T","?","R","E","R","M","R","B",null,"M","?","M","?","?","R","E"],"character_chosen":"DEFECT","items_purchased":["Doom and Gloom","Scrape"],"campfire_rested":3,"item_purchase_floors":[4,4],"current_hp_per_floor":[64,64,64,64,57,57,56,38,38,38,38,9,30,26,47,8,55,55,33,9,9,9,30,0],"gold":0,"neow_bonus":"THREE_ENEMY_KILL","is_prod":false,"is_daily":false,"chose_seed":false,"campfire_upgraded":2,"win_rate":0,"timestamp":1555821993,"path_taken":["M","?","M","$","?","R","M","E","T","?","R","E","R","?","R","BOSS","M","?","M","?","?","R","E"],"build_version":"2019-01-23","purchased_purges":0,"victory":false,"max_hp_per_floor":[71,71,71,71,71,71,71,71,71,71,71,71,71,71,71,71,71,71,71,71,71,71,71,71],"card_choices":[{"not_picked":["Recycle","Force Field"],"picked":"Hologram","floor":1},{"not_picked":["Hologram","Streamline"],"picked":"Gash","floor":2},{"not_picked":["Storm","Recycle"],"picked":"Leap","floor":3},{"not_picked":["Aggregate","Consume"],"picked":"Reinforced Body","floor":7},{"not_picked":["Hyperbeam","BootSequence"],"picked":"Stack","floor":8},{"not_picked":["BootSequence","Turbo"],"picked":"Hologram","floor":12},{"not_picked":["Leap","Go for the Eyes"],"picked":"Conserve Battery","floor":14},{"not_picked":["Core Surge","Fission"],"picked":"Electrodynamics","floor":16},{"not_picked":["Conserve Battery","Leap+1"],"picked":"Ball Lightning","floor":18},{"not_picked":["Stack","Static Discharge"],"picked":"Genetic Algorithm+1","floor":20}],"player_experience":899038,"relics_obtained":[{"floor":8,"key":"War Paint"},{"floor":9,"key":"Potion Belt"},{"floor":12,"key":"Gremlin Horn"}],"event_choices":[{"cards_removed":["Strike_B"],"damage_healed":0,"gold_gain":0,"player_choice":"Card Removal","damage_taken":7,"max_hp_gain":0,"max_hp_loss":0,"event_name":"Golden Wing","floor":5,"gold_loss":0},{"cards_removed":["Strike_B"],"damage_healed":0,"gold_gain":0,"player_choice":"Purged","damage_taken":0,"max_hp_gain":0,"max_hp_loss":0,"event_name":"Purifier","floor":10,"gold_loss":0},{"damage_healed":0,"gold_gain":0,"player_choice":"Fight","damage_taken":0,"max_hp_gain":0,"max_hp_loss":0,"event_name":"Colosseum","floor":19,"gold_loss":0},{"damage_healed":0,"gold_gain":0,"player_choice":"Fled From Nobs","damage_taken":0,"max_hp_gain":0,"max_hp_loss":0,"event_name":"Colosseum","floor":19,"gold_loss":0},{"damage_healed":0,"gold_gain":0,"player_choice":"Obtained Relic","damage_taken":0,"relics_obtained":["Ornamental Fan"],"max_hp_gain":0,"max_hp_loss":0,"event_name":"Addict","floor":21,"gold_loss":85},{"damage_healed":0,"gold_gain":0,"player_choice":"Paid Fearfully","damage_taken":0,"max_hp_gain":0,"max_hp_loss":0,"event_name":"Masked Bandits","floor":22,"gold_loss":158}],"is_beta":false,"boss_relics":[{"not_picked":["Empty Cage","Velvet Choker"],"picked":"Black Star"}],"items_purged_floors":[],"is_endless":false,"potions_floor_spawned":[2,3,14,16,18,19],"killed_by":"Slavers","ascension_level":14}