{"gold_per_floor":[13,188,204,204,214,239,239,205,205,3,36,311,311,323,323,401,401,412,428,448,448],"floor_reached":21,"playtime":5043,"items_purged":[],"score":325,"play_id":"6a3d850e-69c7-40d8-8d64-f8e4f8591405","local_time":"20190424221021","is_ascension_mode":true,"campfire_choices":[{"floor":13,"key":"REST"},{"floor":15,"key":"REST"}],"neow_cost":"NO_GOLD","seed_source_timestamp":0,"circlet_count":0,"master_deck":["AscendersBane","Strike_B","Strike_B","Strike_B","Strike_B","Defend_B","Defend_B","Defend_B","Defend_B","Zap","Dualcast","Leap","Loop","Cold Snap","Consume","Storm","Coolheaded","Rebound","Hello World","Rainbow","Loop","Static Discharge+1","Loop"],"special_seed":0,"relics":["Cracked Core","Blue Candle","Orichalcum","Shuriken","Omamori","Blood Vial","Snecko Eye"],"potions_floor_usage":[11,16],"damage_taken":[{"damage":6.0,"enemies":"Cultist","floor":1.0,"turns":4.0},{"damage":7.0,"enemies":"2 Louse","floor":3.0,"turns":3.0},{"damage":5.0,"enemies":"Small Slimes","floor":5.0,"turns":3.0},{"damage":25.0,"enemies":"Gremlin Nob","floor":6.0,"turns":6.0},{"damage":16,"enemies":"Exordium Thugs","floor":8,"turns":5},{"damage":7,"enemies":"Lagavulin","floor":11,"turns":8},{"damage":6,"enemies":"Exordium Wildlife","floor":14,"turns":4},{"damage":24,"enemies":"Slime Boss","floor":16,"turns":10},{"damage":2,"enemies":"Chosen","floor":18,"turns":4},{"damage":27,"enemies":"2 Thieves","floor":19,"turns":4},{"damage":48,"enemies":"Shelled Parasite and Fungi","floor":20,"turns":3},{"damage":9,"enemies":"Snake Plant","floor":21,"turns":1}],"seed_played":"-9045869909847356875","potions_obtained":[{"floor":5.0,"key":"Weak Potion"},{"floor":8,"key":"PowerPotion"},{"floor":11,"key":"FocusPotion"}],"is_trial":false,"path_per_floor":["M","?","M","?","M","E","T","M","T","$","E","?","R","M","R","B",null,"M","M","M","M"],"character_chosen":"DEFECT","items_purchased":["Omamori","Coolheaded"],"campfire_rested":2,"item_purchase_floors":[10,10],"current_hp_per_floor":[72,72,65,65,60,35,35,19,19,19,12,12,37,33,58,36,73,73,48,2,0],"gold":448,"neow_bonus":"TWENTY_PERCENT_HP_BONUS","is_prod":false,"is_daily":false,"chose_seed":false,"campfire_upgraded":0,"win_rate":0,"timestamp":1556158221,"path_taken":["M","?","M","?","?","E","?","M","T","$","E","?","R","M","R","BOSS","M","M","?","M"],"build_version":"2019-01-23","purchased_purges":0,"victory":false,"max_hp_per_floor":[85,85,85,85,85,85,85,85,85,85,85,85,85,85,85,85,85,85,85,85,85],"card_choices":[{"not_picked":["Turbo","Heatsinks"],"picked":"Leap","floor":1.0},{"not_picked":["Streamline","Capacitor"],"picked":"Loop","floor":3.0},{"not_picked":["White Noise","Go for the Eyes"],"picked":"Cold Snap","floor":5.0},{"not_picked":["FTL","Streamline"],"picked":"Consume","floor":6.0},{"not_picked":["Cold Snap","Consume"],"picked":"Storm","floor":8},{"not_picked":["Turbo","Coolheaded"],"picked":"Rebound","floor":11},{"not_picked":["Stack","Cold Snap"],"picked":"Hello World","floor":14},{"not_picked":["Buffer","Fission"],"picked":"Rainbow","floor":16},{"not_picked":["Aggregate","Lockon"],"picked":"Loop","floor":18},{"not_picked":["Consume","Leap"],"picked":"Static Discharge+1","floor":19},{"not_picked":["Beam Cell","Barrage"],"picked":"Loop","floor":20}],"player_experience":915251,"relics_obtained":[{"floor":6.0,"key":"Blue Candle"},{"floor":7.0,"key":"Orichalcum"},{"floor":9,"key":"Shuriken"},{"floor":11,"key":"Blood Vial"}],"event_choices":[{"damage_healed":0.0,"max_hp_gain":0.0,"max_hp_loss":0.0,"gold_gain":175.0,"event_name":"Liars Game","player_choice":"AGREE","floor":2.0,"gold_loss":0.0,"damage_taken":0.0,"cards_obtained":["Doubt"]},{"cards_removed":["Doubt"],"damage_healed":0.0,"max_hp_gain":0.0,"max_hp_loss":0.0,"gold_gain":0.0,"event_name":"Fountain of Cleansing","player_choice":"Removed Curses","floor":4.0,"gold_loss":0.0,"damage_taken":0.0},{"damage_healed":0,"gold_gain":275,"player_choice":"Desecrate","damage_taken":0,"max_hp_gain":0,"max_hp_loss":0,"event_name":"Golden Shrine","floor":12,"gold_loss":0,"cards_obtained":["Regret"]}],"is_beta":false,"boss_relics":[{"not_picked":["Busted Crown","Coffee Dripper"],"picked":"Snecko Eye"}],"items_purged_floors":[],"is_endless":false,"potions_floor_spawned":[5,8,11],"killed_by":"Snake Plant","ascension_level":14}