{"gold_per_floor":[114,114,129,129,129,157,157,191,191,206,222,222,222,250,250,321,321,331,346,45,45,61,61,61],"floor_reached":24,"playtime":5414,"items_purged":["Writhe"],"score":364,"play_id":"49833029-bf16-4cb9-bf5e-3748df8b2b79","local_time":"20190424191652","is_ascension_mode":true,"campfire_choices":[{"data":"Capacitor","floor":7,"key":"SMITH"},{"floor":12,"key":"REST"},{"floor":15,"key":"REST"},{"floor":23,"key":"REST"}],"neow_cost":"NONE","seed_source_timestamp":686752918963500,"circlet_count":0,"master_deck":["AscendersBane","Strike_B","Strike_B","Defend_B","Defend_B","Defend_B","Defend_B","Zap+1","Dualcast","Steam","Ball Lightning","Beam Cell","Doom and Gloom","Self Repair","Ball Lightning","Storm","Capacitor+1","Reinforced Body","Creative AI","Fusion+1","Meteor Strike","Leap","Compile Driver","Thunder Strike","Coolheaded","Coolheaded","Redo","Hologram+1","BootSequence","Chill","Aggregate","Conserve Battery"],"relics":["Orrery","Prayer Wheel","Mercury Hourglass","Omamori","Calling Bell","Bag of Preparation","The Courier","Mango","DataDisk"],"potions_floor_usage":[8,14,18,24],"damage_taken":[{"damage":0,"enemies":"Small Slimes","floor":1,"turns":3},{"damage":7,"enemies":"Jaw Worm","floor":3,"turns":3},{"damage":24,"enemies":"Lagavulin","floor":6,"turns":5},{"damage":29,"enemies":"Gremlin Nob","floor":8,"turns":4},{"damage":0,"enemies":"Cultist","floor":10,"turns":3},{"damage":10,"enemies":"Large Slime","floor":11,"turns":6},{"damage":25,"enemies":"3 Sentries","floor":14,"turns":5},{"damage":42,"enemies":"The Guardian","floor":16,"turns":8},{"damage":16,"enemies":"3 Byrds","floor":18,"turns":4},{"damage":15,"enemies":"Spheric Guardian","floor":19,"turns":5},{"damage":44,"enemies":"3 Cultists","floor":22,"turns":6},{"damage":41,"enemies":"Gremlin Leader","floor":24,"turns":6}],"seed_played":"-3470467188134994153","potions_obtained":[{"floor":3,"key":"PowerPotion"},{"floor":11,"key":"Explosive Potion"},{"floor":16,"key":"Block Potion"},{"floor":22,"key":"EssenceOfSteel"}],"is_trial":false,"path_per_floor":["M","?","M","?","?","E","R","E","T","M","M","R","?","E","R","B",null,"M","M","$","?","M","R","E"],"character_chosen":"DEFECT","items_purchased":["DataDisk","BootSequence","Chill"],"campfire_rested":3,"item_purchase_floors":[20,20,20],"current_hp_per_floor":[71,71,71,64,64,47,47,25,25,25,22,43,43,25,46,11,70,54,46,46,46,2,27,0],"gold":61,"neow_bonus":"BOSS_RELIC","is_prod":false,"is_daily":false,"chose_seed":false,"campfire_upgraded":1,"win_rate":0,"timestamp":1556147812,"path_taken":["M","?","M","?","?","E","R","E","T","?","M","R","?","E","R","BOSS","M","M","?","?","M","R","E"],"build_version":"2019-01-23","purchased_purges":1,"victory":false,"max_hp_per_floor":[71,71,71,71,71,71,71,71,71,71,71,71,71,71,71,71,85,85,85,85,85,85,85,85],"card_choices":[{"not_picked":["Stack","Melter"],"picked":"Steam","floor":0},{"not_picked":["Barrage","Cold Snap"],"picked":"Ball Lightning","floor":0},{"not_picked":["Undo","Gash"],"picked":"Beam Cell","floor":0},{"not_picked":["Steam Power","Go for the Eyes"],"picked":"Doom and Gloom","floor":0},{"not_picked":["Beam Cell","BootSequence"],"picked":"Self Repair","floor":0},{"not_picked":["Conserve Battery","Static Discharge"],"picked":"Ball Lightning","floor":1},{"not_picked":["Barrage","Hologram","Beam Cell"],"picked":"SKIP","floor":3},{"not_picked":["Barrage","Compile Driver"],"picked":"Capacitor","floor":6},{"not_picked":["Hologram","Static Discharge"],"picked":"Reinforced Body","floor":8},{"not_picked":["Coolheaded","Glacier"],"picked":"Creative AI","floor":10},{"not_picked":["Hologram","Cold Snap"],"picked":"Fusion","floor":10},{"not_picked":["Aggregate","Conserve Battery"],"picked":"Meteor Strike","floor":11},{"not_picked":["Turbo","Hello World"],"picked":"Leap","floor":11},{"not_picked":["Undo","Genetic Algorithm"],"picked":"Compile Driver","floor":14},{"not_picked":["Multi-Cast","Biased Cognition"],"picked":"Thunder Strike","floor":16},{"not_picked":["Barrage","Scrape"],"picked":"Coolheaded","floor":18},{"not_picked":["Sunder","Ball Lightning"],"picked":"Coolheaded","floor":18},{"not_picked":["Meteor Strike","Melter"],"picked":"Redo","floor":19},{"not_picked":["Gash","Cold Snap"],"picked":"Hologram+1","floor":19},{"not_picked":["Beam Cell","Gash"],"picked":"Aggregate","floor":22},{"not_picked":["Barrage","Beam Cell"],"picked":"Conserve Battery","floor":22}],"player_experience":909837,"relics_obtained":[{"floor":6,"key":"Prayer Wheel"},{"floor":8,"key":"Mercury Hourglass"},{"floor":14,"key":"Omamori"},{"floor":17,"key":"Bag of Preparation"},{"floor":17,"key":"The Courier"},{"floor":17,"key":"Mango"}],"event_choices":[{"damage_healed":0,"gold_gain":0,"cards_transformed":["Strike_B"],"player_choice":"Change","damage_taken":0,"max_hp_gain":0,"max_hp_loss":0,"event_name":"Living Wall","floor":2,"gold_loss":0,"cards_obtained":["Storm"]},{"cards_removed":["Strike_B"],"damage_healed":0,"gold_gain":0,"player_choice":"Card Removal","damage_taken":7,"max_hp_gain":0,"max_hp_loss":0,"event_name":"Golden Wing","floor":4,"gold_loss":0},{"damage_healed":0,"gold_gain":0,"player_choice":"Upgraded","damage_taken":0,"max_hp_gain":0,"max_hp_loss":0,"event_name":"Upgrade Shrine","floor":5,"gold_loss":0,"cards_upgraded":["Zap"]},{"damage_healed":0,"gold_gain":0,"player_choice":"Forge","damage_taken":0,"max_hp_gain":0,"max_hp_loss":0,"event_name":"Accursed Blacksmith","floor":13,"gold_loss":0,"cards_upgraded":["Fusion"]},{"damage_healed":0,"gold_gain":0,"player_choice":"Ignored","damage_taken":0,"max_hp_gain":0,"max_hp_loss":0,"event_name":"Ghosts","floor":21,"gold_loss":0}],"is_beta":false,"boss_relics":[{"not_picked":["Black Star","Empty Cage"],"picked":"Calling Bell"}],"items_purged_floors":[20],"is_endless":false,"potions_floor_spawned":[3,11,16,22],"killed_by":"Gremlin Leader","ascension_level":14}