{"gold_per_floor":[15,33,51,21,39,39,15,15,64,78,104,115,115,140,140,218,218,231,156,71,71,71,71,71],"floor_reached":24,"playtime":892,"items_purged":[],"score":347,"play_id":"b1d605d9-991e-4091-bad9-2ae95814933c","local_time":"20190509222115","is_ascension_mode":true,"campfire_choices":[{"data":"Zap","floor":6,"key":"SMITH"},{"floor":13,"key":"REST"},{"floor":15,"key":"REST"},{"floor":23,"key":"REST"}],"neow_cost":"NO_GOLD","seed_source_timestamp":691013395828300,"circlet_count":0,"master_deck":["AscendersBane","Strike_B","Strike_B","Strike_B","Defend_B","Defend_B","Defend_B","Defend_B","Zap+1","Dualcast","Streamline","Auto Shields","Ball Lightning","Amplify","Cold Snap","Ball Lightning","Darkness","Genetic Algorithm","Fusion","Buffer","FTL"],"relics":["Cracked Core","Ice Cream","Anchor","Vajra","Ginger","Inserter","Regal Pillow","Question Card"],"potions_floor_usage":[16],"damage_taken":[{"damage":1,"enemies":"Cultist","floor":1,"turns":3},{"damage":9,"enemies":"Jaw Worm","floor":2,"turns":4},{"damage":5,"enemies":"Small Slimes","floor":3,"turns":3},{"damage":1,"enemies":"Looter","floor":5,"turns":3},{"damage":0,"enemies":"Blue Slaver","floor":10,"turns":2},{"damage":19,"enemies":"Lagavulin","floor":11,"turns":5},{"damage":7,"enemies":"2 Fungi Beasts","floor":12,"turns":3},{"damage":8,"enemies":"3 Sentries","floor":14,"turns":5},{"damage":43,"enemies":"Slime Boss","floor":16,"turns":10},{"damage":18,"enemies":"Spheric Guardian","floor":18,"turns":7},{"damage":29,"enemies":"Colosseum Slavers","floor":22,"turns":6},{"damage":48,"enemies":"Slavers","floor":24,"turns":4}],"seed_played":"-8665531635127645300","potions_obtained":[{"floor":10,"key":"Energy Potion"},{"floor":11,"key":"Fire Potion"},{"floor":18,"key":"Strength Potion"}],"is_trial":false,"path_per_floor":["M","M","M","?","M","R","$","?","T","M","E","M","R","E","R","B",null,"M","?","?","T","?","R","E"],"character_chosen":"DEFECT","items_purchased":["Cold Snap"],"campfire_rested":3,"item_purchase_floors":[7],"current_hp_per_floor":[63,54,49,49,48,48,48,48,48,48,29,22,43,35,56,13,57,39,39,39,39,10,46,0],"gold":71,"neow_bonus":"ONE_RARE_RELIC","is_prod":false,"is_daily":false,"chose_seed":false,"campfire_upgraded":1,"win_rate":0,"timestamp":1557454875,"path_taken":["M","M","?","?","M","R","?","?","T","M","E","M","R","E","R","BOSS","M","?","?","?","?","R","E"],"build_version":"2019-01-23","purchased_purges":0,"victory":false,"max_hp_per_floor":[71,71,71,71,71,71,71,71,71,71,71,71,71,71,71,71,71,71,71,71,71,71,71,71],"card_choices":[{"not_picked":["Hologram","Leap"],"picked":"Streamline","floor":1},{"not_picked":["Stack","Hologram"],"picked":"Auto Shields","floor":2},{"not_picked":["Turbo","Recycle"],"picked":"Ball Lightning","floor":3},{"not_picked":["Coolheaded","Hologram"],"picked":"Amplify","floor":5},{"not_picked":["Barrage","Steam"],"picked":"Ball Lightning","floor":10},{"not_picked":["Rebound","Barrage"],"picked":"Darkness","floor":11},{"not_picked":["Steam","Steam Power"],"picked":"Genetic Algorithm","floor":12},{"not_picked":["Reinforced Body","Biased Cognition"],"picked":"Fusion","floor":14},{"not_picked":["Core Surge","Machine Learning"],"picked":"Buffer","floor":16},{"not_picked":["Beam Cell","Reprogram"],"picked":"FTL","floor":18}],"player_experience":959279,"relics_obtained":[{"floor":9,"key":"Anchor"},{"floor":11,"key":"Vajra"},{"floor":14,"key":"Ginger"},{"floor":21,"key":"Question Card"}],"event_choices":[{"damage_healed":0,"gold_gain":0,"player_choice":"Left Gold","damage_taken":0,"max_hp_gain":0,"max_hp_loss":0,"event_name":"World of Goop","floor":4,"gold_loss":30},{"damage_healed":0,"gold_gain":0,"player_choice":"Leave","damage_taken":0,"max_hp_gain":0,"max_hp_loss":0,"event_name":"The Cleric","floor":8,"gold_loss":0},{"cards_removed":["Strike_B"],"damage_healed":0,"gold_gain":0,"player_choice":"Gave Gold","damage_taken":0,"max_hp_gain":0,"max_hp_loss":0,"event_name":"Beggar","floor":19,"gold_loss":75},{"damage_healed":0,"gold_gain":0,"player_choice":"Obtained Relic","damage_taken":0,"relics_obtained":["Regal Pillow"],"max_hp_gain":0,"max_hp_loss":0,"event_name":"Addict","floor":20,"gold_loss":85},{"damage_healed":0,"gold_gain":0,"player_choice":"Fight","damage_taken":0,"max_hp_gain":0,"max_hp_loss":0,"event_name":"Colosseum","floor":22,"gold_loss":0},{"damage_healed":0,"gold_gain":0,"player_choice":"Fled From Nobs","damage_taken":0,"max_hp_gain":0,"max_hp_loss":0,"event_name":"Colosseum","floor":22,"gold_loss":0}],"is_beta":false,"boss_relics":[{"not_picked":["Runic Dome","Busted Crown"],"picked":"Inserter"}],"items_purged_floors":[],"is_endless":false,"potions_floor_spawned":[10,11,12,14,18],"killed_by":"Slavers","ascension_level":14}