{"gold_per_floor":[166,116,131,19,33,33,7,39,114,134,134,134,134,166,166,243,243,261,261,261,261],"floor_reached":21,"playtime":544,"items_purged":[],"score":315,"play_id":"45d41dde-09b0-4e1e-b7bf-9bad17c1ad45","local_time":"20190506233412","is_ascension_mode":true,"campfire_choices":[{"data":"Defragment","floor":6,"key":"SMITH"},{"data":"Chaos","floor":11,"key":"SMITH"},{"floor":13,"key":"REST"},{"floor":15,"key":"REST"}],"neow_cost":"NONE","seed_source_timestamp":436531375207800,"circlet_count":0,"master_deck":["AscendersBane","Strike_B","Strike_B","Strike_B+1","Defend_B","Defend_B","Defend_B","Defend_B","Zap","Dualcast","Gash","Defragment+1","Sweeping Beam","Scrape","Chaos+1","Defragment","Steam","Gash","Gash","Darkness","Biased Cognition","Leap","Mind Blast"],"relics":["Tiny House","Lantern","Bottled Tornado","Oddly Smooth Stone","Sozu"],"potions_floor_usage":[14],"damage_taken":[{"damage":4,"enemies":"2 Louse","floor":1,"turns":2},{"damage":8,"enemies":"Jaw Worm","floor":3,"turns":4},{"damage":1,"enemies":"Cultist","floor":5,"turns":4},{"damage":18,"enemies":"3 Sentries","floor":8,"turns":8},{"damage":8,"enemies":"2 Fungi Beasts","floor":10,"turns":3},{"damage":24,"enemies":"Lagavulin","floor":14,"turns":5},{"damage":37,"enemies":"Hexaghost","floor":16,"turns":8},{"damage":44,"enemies":"2 Thieves","floor":18,"turns":4},{"damage":28,"enemies":"3 Byrds","floor":21,"turns":2}],"seed_played":"-8886412973877381138","potions_obtained":[{"floor":0,"key":"Strength Potion"},{"floor":3,"key":"GamblersBrew"},{"floor":16,"key":"FocusPotion"}],"is_trial":false,"path_per_floor":["M","?","M","$","M","R","$","E","T","M","R","?","R","E","R","B",null,"M","?","?","M"],"character_chosen":"DEFECT","items_purchased":["Scrape","Chaos","Steam"],"campfire_rested":2,"item_purchase_floors":[4,4,7],"current_hp_per_floor":[65,65,57,57,56,56,56,38,38,30,30,30,52,28,50,13,60,16,41,27,0],"gold":261,"neow_bonus":"BOSS_RELIC","is_prod":false,"is_daily":false,"chose_seed":false,"campfire_upgraded":2,"win_rate":0,"timestamp":1557200052,"path_taken":["M","?","M","$","M","R","$","E","T","M","R","?","R","E","R","BOSS","M","?","?","?"],"build_version":"2019-01-23","purchased_purges":0,"victory":false,"max_hp_per_floor":[76,76,76,76,76,76,76,76,76,76,76,76,76,76,76,76,76,76,76,76,76],"card_choices":[{"not_picked":["Turbo","Redo"],"picked":"Gash","floor":0},{"not_picked":["Undo","Blizzard"],"picked":"Defragment","floor":1},{"not_picked":["Redo","Go for the Eyes"],"picked":"Sweeping Beam","floor":3},{"not_picked":["Reprogram","Fusion"],"picked":"Defragment","floor":5},{"not_picked":["Barrage","Go for the Eyes"],"picked":"Gash","floor":8},{"not_picked":["Blizzard","Barrage"],"picked":"Gash","floor":10},{"not_picked":["Beam Cell","Barrage"],"picked":"Darkness","floor":14},{"not_picked":["Fission","Thunder Strike"],"picked":"Biased Cognition","floor":16},{"not_picked":["Fusion","Undo"],"picked":"Leap","floor":18}],"player_experience":954695,"relics_obtained":[{"floor":8,"key":"Lantern"},{"floor":9,"key":"Bottled Tornado"},{"floor":14,"key":"Oddly Smooth Stone"}],"event_choices":[{"cards_removed":["Strike_B"],"damage_healed":0,"gold_gain":0,"player_choice":"Card Removal","damage_taken":0,"max_hp_gain":0,"max_hp_loss":0,"event_name":"The Cleric","floor":2,"gold_loss":50},{"damage_healed":0,"gold_gain":0,"player_choice":"Ignored","damage_taken":0,"max_hp_gain":0,"max_hp_loss":0,"event_name":"Golden Wing","floor":12,"gold_loss":0},{"damage_healed":25,"gold_gain":0,"player_choice":"Heal","damage_taken":0,"max_hp_gain":0,"max_hp_loss":0,"event_name":"The Library","floor":19,"gold_loss":0},{"damage_healed":0,"gold_gain":0,"player_choice":"CARD ","damage_taken":14,"max_hp_gain":0,"max_hp_loss":0,"event_name":"Knowing Skull","floor":20,"potions_obtained":[],"gold_loss":0,"cards_obtained":["Mind Blast"]}],"is_beta":false,"boss_relics":[{"not_picked":["Nuclear Battery","Busted Crown"],"picked":"Sozu"}],"items_purged_floors":[],"is_endless":false,"potions_floor_spawned":[3,5,10,16,18],"killed_by":"3 Byrds","ascension_level":14}