{"gold_per_floor":[119,119,119,119,132,132,149,149,202,202,218,251,251,261,261,333,333,345,355,355,270,270,270,38,56,81,107,107,127,127],"floor_reached":30,"playtime":1118,"items_purged":["Writhe"],"score":434,"play_id":"c510d75d-98b0-47dc-907a-79340e023614","local_time":"20190822204851","is_ascension_mode":true,"campfire_choices":[{"data":"Redo","floor":6.0,"key":"SMITH"},{"data":"Zap","floor":8.0,"key":"SMITH"},{"data":"Dualcast","floor":10.0,"key":"SMITH"},{"data":"Fusion","floor":13.0,"key":"SMITH"},{"data":"Hologram","floor":15.0,"key":"SMITH"},{"floor":23,"key":"REST"},{"data":"Storm","floor":28,"key":"SMITH"}],"neow_cost":"NONE","seed_source_timestamp":21110498252100,"circlet_count":0,"master_deck":["AscendersBane","Strike_B","Strike_B","Strike_B","Defend_B","Defend_B","Defend_B","Defend_B","Zap+1","Dualcast+1","Redo+1","Fusion+1","FTL","Doom and Gloom","Cold Snap","Go for the Eyes","Hologram+1","Thunder Strike","Rebound","Ball Lightning","Glacier","Storm+1","Rainbow"],"special_seed":0,"relics":["FrozenCore","Bag of Preparation","Symbiotic Virus","Kunai","Regal Pillow","Happy Flower","Meat on the Bone","Lantern","PreservedInsect","Juzu Bracelet"],"potions_floor_usage":[27],"damage_taken":[{"damage":1.0,"enemies":"Cultist","floor":1.0,"turns":3.0},{"damage":2.0,"enemies":"Small Slimes","floor":5.0,"turns":4.0},{"damage":0.0,"enemies":"2 Louse","floor":7.0,"turns":2.0},{"damage":4.0,"enemies":"Red Slaver","floor":11.0,"turns":2.0},{"damage":8.0,"enemies":"3 Sentries","floor":12.0,"turns":4.0},{"damage":2.0,"enemies":"Blue Slaver","floor":14.0,"turns":3.0},{"damage":5.0,"enemies":"Hexaghost","floor":16.0,"turns":10.0},{"damage":7.0,"enemies":"Chosen","floor":18.0,"turns":4.0},{"damage":25.0,"enemies":"2 Thieves","floor":19.0,"turns":4.0},{"damage":20,"enemies":"Centurion and Healer","floor":25,"turns":6},{"damage":11,"enemies":"Gremlin Leader","floor":27,"turns":6},{"damage":9,"enemies":"Snake Plant","floor":29,"turns":4},{"damage":49,"enemies":"Slavers","floor":30,"turns":3}],"seed_played":"6201539757273854509","potions_obtained":[{"floor":1.0,"key":"PowerPotion"},{"floor":12.0,"key":"Swift Potion"},{"floor":14.0,"key":"Swift Potion"},{"floor":18.0,"key":"Block Potion"}],"is_trial":false,"path_per_floor":["M","T","?","?","M","R","M","R","T","R","M","E","R","M","R","B",null,"M","M","?","?","T","R","$","M","T","E","R","M","E"],"character_chosen":"DEFECT","items_purchased":["Lantern"],"campfire_rested":1,"item_purchase_floors":[24],"current_hp_per_floor":[63,63,63,63,61,61,61,61,61,61,57,49,49,47,47,42,64,57,32,32,32,32,68,68,48,48,37,37,40,0],"gold":127,"neow_bonus":"RANDOM_COMMON_RELIC","is_prod":false,"is_daily":false,"chose_seed":false,"campfire_upgraded":6,"win_rate":0,"timestamp":1566521331,"path_taken":["M","?","?","?","M","R","M","R","T","R","M","E","R","?","R","BOSS","M","M","?","?","?","R","$","M","T","E","R","M","E"],"build_version":"2019-07-17","purchased_purges":1,"victory":false,"max_hp_per_floor":[71,71,71,71,71,71,71,71,71,71,71,71,71,71,71,71,71,71,71,71,71,71,71,71,71,71,71,71,71,71],"card_choices":[{"not_picked":["Storm","Stack"],"picked":"Redo","floor":1.0},{"not_picked":["Scrape","Darkness"],"picked":"FTL","floor":5.0},{"not_picked":["Beam Cell","Turbo"],"picked":"Doom and Gloom","floor":7.0},{"not_picked":["Rebound","Steam"],"picked":"Cold Snap","floor":11.0},{"not_picked":["Cold Snap","Hello World"],"picked":"Go for the Eyes","floor":12.0},{"not_picked":["Barrage","Auto Shields"],"picked":"Hologram","floor":14.0},{"not_picked":["Hyperbeam","Seek"],"picked":"Thunder Strike","floor":16.0},{"not_picked":["Turbo","Coolheaded"],"picked":"Rebound","floor":18.0},{"not_picked":["Conserve Battery","Steam"],"picked":"Ball Lightning","floor":19.0},{"not_picked":["Sweeping Beam","Compile Driver"],"picked":"Glacier","floor":25},{"not_picked":["Tempest","Go for the Eyes+1"],"picked":"Storm","floor":27},{"not_picked":["Stack","Gash"],"picked":"Rainbow","floor":29}],"player_experience":1009864,"relics_obtained":[{"floor":2.0,"key":"Symbiotic Virus"},{"floor":12.0,"key":"Kunai"},{"floor":22.0,"key":"Meat on the Bone"},{"floor":26,"key":"PreservedInsect"},{"floor":27,"key":"Juzu Bracelet"}],"event_choices":[{"damage_healed":0.0,"max_hp_gain":0.0,"max_hp_loss":0.0,"gold_gain":0.0,"cards_transformed":["Strike_B"],"event_name":"Living Wall","player_choice":"Change","floor":3.0,"gold_loss":0.0,"damage_taken":0.0,"cards_obtained":["Recycle"]},{"damage_healed":0.0,"max_hp_gain":0.0,"max_hp_loss":0.0,"gold_gain":0.0,"cards_transformed":["Recycle"],"event_name":"Transmorgrifier","player_choice":"Transformed","floor":4.0,"gold_loss":0.0,"damage_taken":0.0,"cards_obtained":["Fusion"]},{"damage_healed":0.0,"max_hp_gain":0.0,"max_hp_loss":0.0,"gold_gain":0.0,"event_name":"The Mausoleum","player_choice":"Opened","floor":20.0,"gold_loss":0.0,"damage_taken":0.0,"relics_obtained":["Regal Pillow"],"cards_obtained":["Writhe"]},{"damage_healed":0.0,"max_hp_gain":0.0,"max_hp_loss":0.0,"gold_gain":0.0,"event_name":"Addict","player_choice":"Obtained Relic","floor":21.0,"gold_loss":85.0,"damage_taken":0.0,"relics_obtained":["Happy Flower"]}],"is_beta":false,"boss_relics":[{"not_picked":["Calling Bell","Tiny House"],"picked":"FrozenCore"}],"items_purged_floors":[24],"is_endless":false,"potions_floor_spawned":[1,12,14,18],"killed_by":"Slavers","ascension_level":15}