{"gold_per_floor":[110,120,135,135,135,163,163,13,313,293,312,312],"floor_reached":12,"playtime":476,"items_purged":[],"score":137,"play_id":"beb94797-ddb2-4bf0-8fb2-e14c7ef61b48","local_time":"20190918183752","is_ascension_mode":true,"campfire_choices":[{"data":"Defragment","floor":7,"key":"SMITH"}],"neow_cost":"NONE","seed_source_timestamp":107147680564300,"circlet_count":0,"master_deck":["AscendersBane","Zap","Dualcast","Machine Learning","Steam","Blizzard","Buffer","Ball Lightning","Fusion","Force Field","Defragment+1","Leap","Hologram","Redo","Rip and Tear"],"relics":["Pandora\u0027s Box","Emotion Chip","Omamori","Old Coin"],"potions_floor_usage":[12],"damage_taken":[{"damage":12,"enemies":"Jaw Worm","floor":1,"turns":3},{"damage":4,"enemies":"Small Slimes","floor":2,"turns":4},{"damage":0,"enemies":"2 Louse","floor":3,"turns":3},{"damage":6,"enemies":"Lagavulin","floor":6,"turns":6},{"damage":36,"enemies":"Exordium Thugs","floor":11,"turns":4},{"damage":23,"enemies":"3 Sentries","floor":12,"turns":6}],"seed_played":"3543932414995107987","potions_obtained":[{"floor":1,"key":"Swift Potion"},{"floor":2,"key":"EssenceOfSteel"},{"floor":10,"key":"LiquidBronze"}],"is_trial":false,"path_per_floor":["M","M","M","?","?","E","R","$","T","?","M","E"],"character_chosen":"DEFECT","items_purchased":["Omamori"],"campfire_rested":0,"item_purchase_floors":[8],"current_hp_per_floor":[52,48,48,41,64,58,58,58,58,58,22,0],"gold":312,"neow_bonus":"BOSS_RELIC","is_prod":false,"is_daily":false,"chose_seed":false,"campfire_upgraded":1,"win_rate":0,"timestamp":1568846272,"path_taken":["M","M","M","?","?","E","R","$","T","?","?","E"],"build_version":"2019-07-17","purchased_purges":0,"victory":false,"max_hp_per_floor":[71,71,71,71,71,71,71,71,71,71,71,71],"card_choices":[{"not_picked":["Compile Driver","Conserve Battery"],"picked":"Defragment","floor":1},{"not_picked":["White Noise","Hologram"],"picked":"Leap","floor":2},{"not_picked":["Static Discharge","Gash"],"picked":"Hologram","floor":3},{"not_picked":["Recycle","Go for the Eyes"],"picked":"Redo","floor":6},{"not_picked":["Fusion","Reprogram"],"picked":"Rip and Tear","floor":11}],"player_experience":1019917,"relics_obtained":[{"floor":6,"key":"Emotion Chip"},{"floor":9,"key":"Old Coin"}],"event_choices":[{"cards_removed":["Multi-Cast"],"damage_healed":0,"gold_gain":0,"player_choice":"Card Removal","damage_taken":7,"max_hp_gain":0,"max_hp_loss":0,"event_name":"Golden Wing","floor":4,"gold_loss":0},{"damage_healed":23,"gold_gain":0,"player_choice":"Banana","damage_taken":0,"max_hp_gain":0,"max_hp_loss":0,"event_name":"Big Fish","floor":5,"gold_loss":0},{"damage_healed":0,"gold_gain":0,"player_choice":"Bought 1 Potion","damage_taken":0,"max_hp_gain":0,"max_hp_loss":0,"event_name":"The Woman in Blue","floor":10,"gold_loss":0}],"is_beta":false,"boss_relics":[],"items_purged_floors":[],"is_endless":false,"potions_floor_spawned":[1,2,6],"killed_by":"3 Sentries","ascension_level":15}