{"gold_per_floor":[115,115,115,85,48,75,85,85,85,97,111,121,135,169,169,169],"floor_reached":16,"playtime":364,"items_purged":[],"score":240,"play_id":"9eb16f62-14ca-4401-acfd-cf625f99e932","local_time":"20190918182940","is_ascension_mode":true,"campfire_choices":[{"data":"Zap","floor":8,"key":"SMITH"},{"floor":15,"key":"REST"}],"neow_cost":"NONE","seed_source_timestamp":106766591525400,"circlet_count":0,"master_deck":["AscendersBane","Strike_B","Strike_B","Strike_B+1","Strike_B","Defend_B","Defend_B","Defend_B","Defend_B","Zap+1","Dualcast+1","Gash","Doom and Gloom","Leap","Consume","Gash","Beam Cell","Self Repair+1","Melter","Ball Lightning"],"relics":["Cracked Core","NeowsBlessing","Frozen Egg 2","The Courier","Cables","Juzu Bracelet"],"potions_floor_usage":[14],"damage_taken":[{"damage":0,"enemies":"Small Slimes","floor":1,"turns":1},{"damage":0,"enemies":"Gremlin Nob","floor":6,"turns":1},{"damage":0,"enemies":"2 Louse","floor":7,"turns":1},{"damage":0,"enemies":"Cultist","floor":10,"turns":2},{"damage":6,"enemies":"Gremlin Gang","floor":11,"turns":2},{"damage":13,"enemies":"Exordium Wildlife","floor":12,"turns":3},{"damage":6,"enemies":"2 Fungi Beasts","floor":13,"turns":3},{"damage":13,"enemies":"Lagavulin","floor":14,"turns":4},{"damage":35,"enemies":"The Guardian","floor":16,"turns":5}],"seed_played":"254527070169725693","potions_obtained":[{"floor":4,"key":"Dexterity Potion"},{"floor":4,"key":"Strength Potion"}],"is_trial":false,"path_per_floor":["M","?","?","?","$","E","M","R","T","M","M","M","M","E","R","B"],"character_chosen":"DEFECT","items_purchased":["Doom and Gloom"],"campfire_rested":1,"item_purchase_floors":[5],"current_hp_per_floor":[64,53,32,32,32,32,32,32,32,32,26,13,17,14,35,0],"gold":169,"neow_bonus":"THREE_ENEMY_KILL","is_prod":false,"is_daily":false,"chose_seed":false,"campfire_upgraded":1,"win_rate":0,"timestamp":1568845780,"path_taken":["M","?","?","?","$","E","?","R","T","?","?","?","M","E","R","BOSS"],"build_version":"2019-07-17","purchased_purges":0,"victory":false,"max_hp_per_floor":[71,71,71,71,71,71,71,71,71,71,71,71,71,71,71,71],"card_choices":[{"not_picked":["Rebound","Redo"],"picked":"Gash","floor":1},{"not_picked":["Compile Driver","Doom and Gloom"],"picked":"Leap","floor":6},{"not_picked":["Turbo","Chill"],"picked":"Consume","floor":7},{"not_picked":["Stack","Sweeping Beam"],"picked":"Gash","floor":10},{"not_picked":["Aggregate","Barrage"],"picked":"Beam Cell","floor":11},{"not_picked":["Steam","Beam Cell"],"picked":"Self Repair+1","floor":12},{"not_picked":["Rip and Tear","Consume"],"picked":"Melter","floor":13},{"not_picked":["Turbo","Leap"],"picked":"Ball Lightning","floor":14}],"player_experience":1019553,"relics_obtained":[{"floor":6,"key":"The Courier"},{"floor":9,"key":"Cables"},{"floor":14,"key":"Juzu Bracelet"}],"event_choices":[{"damage_healed":0,"gold_gain":0,"player_choice":"Success","damage_taken":11,"relics_obtained":["Frozen Egg 2"],"max_hp_gain":0,"max_hp_loss":0,"event_name":"Scrap Ooze","floor":2,"gold_loss":0},{"damage_healed":0,"gold_gain":0,"player_choice":"Entered Light","damage_taken":21,"max_hp_gain":0,"max_hp_loss":0,"event_name":"Shining Light","floor":3,"gold_loss":0,"cards_upgraded":["Dualcast","Strike_B"]},{"damage_healed":0,"gold_gain":0,"player_choice":"Bought 2 Potions","damage_taken":0,"max_hp_gain":0,"max_hp_loss":0,"event_name":"The Woman in Blue","floor":4,"gold_loss":0}],"is_beta":false,"boss_relics":[],"items_purged_floors":[],"is_endless":false,"potions_floor_spawned":[7,13],"killed_by":"The Guardian","ascension_level":15}