{"gold_per_floor":[116,128,128,47,47,85,105,139,139,152,152,167,167,167,167,167],"floor_reached":16,"playtime":382,"items_purged":[],"score":236,"play_id":"e2af6b83-df62-4371-b36d-bd3fc5a6fb33","local_time":"20190928172733","is_ascension_mode":true,"campfire_choices":[{"floor":11,"key":"REST"},{"floor":13,"key":"REST"},{"data":"Zap","floor":15,"key":"SMITH"}],"neow_cost":"NONE","seed_source_timestamp":213953897442600,"circlet_count":0,"master_deck":["AscendersBane","Strike_B","Strike_B","Strike_B","Strike_B","Defend_B","Defend_B","Defend_B","Defend_B","Zap+1","Dualcast","Ball Lightning","Gash","Injury","Panacea","Redo","Stack","Fission","FTL","Gash"],"relics":["Cracked Core","NeowsBlessing","Golden Idol","Bronze Scales","Blue Candle","PreservedInsect","Singing Bowl"],"potions_floor_usage":[8],"damage_taken":[{"damage":0,"enemies":"Jaw Worm","floor":1,"turns":1},{"damage":0,"enemies":"2 Louse","floor":2,"turns":1},{"damage":0,"enemies":"Lagavulin","floor":6,"turns":1},{"damage":1,"enemies":"Cultist","floor":7,"turns":3},{"damage":20,"enemies":"3 Sentries","floor":8,"turns":6},{"damage":15,"enemies":"Large Slime","floor":10,"turns":6},{"damage":19,"enemies":"Exordium Thugs","floor":12,"turns":5},{"damage":42,"enemies":"Slime Boss","floor":16,"turns":6}],"seed_played":"5314132724965060842","potions_obtained":[{"floor":7,"key":"SkillPotion"},{"floor":10,"key":"Strength Potion"}],"is_trial":false,"path_per_floor":["M","M","?","$","?","E","M","E","T","M","R","M","R","?","R","B"],"character_chosen":"DEFECT","items_purchased":["Panacea"],"campfire_rested":2,"item_purchase_floors":[4],"current_hp_per_floor":[64,64,64,64,64,64,63,43,43,28,49,30,51,40,40,0],"gold":167,"neow_bonus":"THREE_ENEMY_KILL","is_prod":false,"is_daily":false,"chose_seed":false,"campfire_upgraded":1,"win_rate":0,"timestamp":1569706053,"path_taken":["M","M","?","$","?","E","M","E","T","M","R","M","R","?","R","BOSS"],"build_version":"2019-07-17","purchased_purges":0,"victory":false,"max_hp_per_floor":[71,71,71,71,71,71,71,71,71,71,71,71,71,71,71,71],"card_choices":[{"not_picked":["Redo","Coolheaded"],"picked":"Ball Lightning","floor":1},{"not_picked":["Compile Driver","Skim"],"picked":"Gash","floor":2},{"not_picked":["Darkness","Reinforced Body"],"picked":"Redo","floor":6},{"not_picked":["Storm","Steam Power"],"picked":"Stack","floor":7},{"not_picked":["Go for the Eyes","Undo"],"picked":"Fission","floor":8},{"not_picked":["Compile Driver","Cold Snap"],"picked":"FTL","floor":10},{"not_picked":["White Noise","Fusion"],"picked":"Gash","floor":12}],"player_experience":1023037,"relics_obtained":[{"floor":6,"key":"Bronze Scales"},{"floor":8,"key":"Blue Candle"},{"floor":9,"key":"PreservedInsect"}],"event_choices":[{"damage_healed":0,"gold_gain":0,"player_choice":"Take Wound","damage_taken":0,"relics_obtained":["Golden Idol"],"max_hp_gain":0,"max_hp_loss":0,"event_name":"Golden Idol","floor":3,"gold_loss":0,"cards_obtained":["Injury"]},{"damage_healed":0,"gold_gain":0,"player_choice":"Leave","damage_taken":0,"max_hp_gain":0,"max_hp_loss":0,"event_name":"The Cleric","floor":5,"gold_loss":0},{"damage_healed":0,"gold_gain":0,"player_choice":"Success","damage_taken":11,"relics_obtained":["Singing Bowl"],"max_hp_gain":0,"max_hp_loss":0,"event_name":"Scrap Ooze","floor":14,"gold_loss":0}],"is_beta":false,"boss_relics":[],"items_purged_floors":[],"is_endless":false,"potions_floor_spawned":[7,10],"killed_by":"Slime Boss","ascension_level":15}