{"gold_per_floor":[11,11,11,11,11,42,42,58,58,58],"floor_reached":10,"playtime":304,"items_purged":[],"score":112,"play_id":"6f7819e5-75a0-4d2a-95c1-447085407110","local_time":"20191106191138","is_ascension_mode":true,"campfire_choices":[],"neow_cost":"NO_GOLD","seed_source_timestamp":430037570988700,"circlet_count":0,"master_deck":["AscendersBane","Strike_B","Strike_B","Strike_B","Strike_B","Defend_B","Defend_B","Defend_B","Defend_B","Zap","Dualcast","Creative AI","Coolheaded","Leap"],"relics":["Cracked Core","Golden Idol","Peace Pipe","Bronze Scales"],"potions_floor_usage":[10],"damage_taken":[{"damage":2,"enemies":"Jaw Worm","floor":1,"turns":3},{"damage":25,"enemies":"Lagavulin","floor":6,"turns":11},{"damage":7,"enemies":"Small Slimes","floor":8,"turns":5},{"damage":43,"enemies":"Gremlin Nob","floor":10,"turns":6}],"seed_played":"-6684658475206723791","potions_obtained":[{"floor":8,"key":"Ancient Potion"}],"is_trial":false,"path_per_floor":["M","?","$","?","?","E","$","M","T","E"],"character_chosen":"DEFECT","items_purchased":[],"campfire_rested":0,"item_purchase_floors":[],"current_hp_per_floor":[62,62,62,67,67,42,42,35,35,0],"gold":58,"neow_bonus":"THREE_RARE_CARDS","is_prod":false,"is_daily":false,"chose_seed":false,"campfire_upgraded":0,"win_rate":0,"timestamp":1573085498,"path_taken":["M","?","$","?","?","E","$","M","T","E"],"build_version":"2019-07-17","purchased_purges":0,"victory":false,"max_hp_per_floor":[71,71,71,76,76,76,76,76,76,76],"card_choices":[{"not_picked":["Thunder Strike","Hyperbeam"],"picked":"Creative AI","floor":0},{"not_picked":["Beam Cell","Redo"],"picked":"Coolheaded","floor":1},{"not_picked":["Go for the Eyes","Doom and Gloom"],"picked":"Leap","floor":6},{"not_picked":["Reinforced Body","Steam Power","Glacier"],"picked":"SKIP","floor":8}],"player_experience":1037205,"relics_obtained":[{"floor":6,"key":"Peace Pipe"},{"floor":9,"key":"Bronze Scales"}],"event_choices":[{"damage_healed":0,"gold_gain":0,"player_choice":"Take Wound","damage_taken":0,"relics_obtained":["Golden Idol"],"max_hp_gain":0,"max_hp_loss":0,"event_name":"Golden Idol","floor":2,"gold_loss":0,"cards_obtained":["Injury"]},{"damage_healed":0,"gold_gain":0,"player_choice":"Donut","damage_taken":0,"max_hp_gain":5,"max_hp_loss":0,"event_name":"Big Fish","floor":4,"gold_loss":0},{"cards_removed":["Injury"],"damage_healed":0,"gold_gain":0,"player_choice":"Forget","damage_taken":0,"max_hp_gain":0,"max_hp_loss":0,"event_name":"Living Wall","floor":5,"gold_loss":0}],"is_beta":false,"boss_relics":[],"items_purged_floors":[],"is_endless":false,"potions_floor_spawned":[8],"killed_by":"Gremlin Nob","ascension_level":15}