{"gold_per_floor":[361,341,354,354,96,125,138,138,164,191,203,203,219,248,248,324,324,344,47,57,57,57,57,87,97,97,97],"floor_reached":27,"playtime":1328,"items_purged":[],"score":439,"play_id":"82d3b588-5116-4e94-968d-a63c6186ffef","local_time":"20201009221834","is_ascension_mode":true,"campfire_choices":[{"floor":8,"key":"REST"},{"floor":12,"key":"REST"},{"floor":15,"key":"REST"},{"floor":23,"key":"REST"}],"neow_cost":"PERCENT_DAMAGE","seed_source_timestamp":204682245968800,"circlet_count":0,"master_deck":["AscendersBane","Strike_B","Strike_B","Strike_B","Defend_B","Defend_B","Defend_B","Defend_B","Zap","Dualcast","Reinforced Body","Sweeping Beam","Melter","Ball Lightning","Genetic Algorithm+1","Auto Shields+1","Leap+1","Multi-Cast+1","Electrodynamics","Glacier+1","Defragment","Consume+1","BootSequence+1"],"relics":["Cracked Core","Toxic Egg 2","Pen Nib","Oddly Smooth Stone","Tiny Chest","Bag of Marbles","Inserter","Ice Cream","Nilry\u0027s Codex","Molten Egg 2","Frozen Egg 2","WingedGreaves"],"potions_floor_usage":[6,16,18,25,27],"damage_taken":[{"damage":7,"enemies":"2 Louse","floor":1,"turns":3},{"damage":1,"enemies":"Cultist","floor":3,"turns":4},{"damage":30,"enemies":"Gremlin Nob","floor":6,"turns":4},{"damage":2,"enemies":"Jaw Worm","floor":7,"turns":3},{"damage":12,"enemies":"Lagavulin","floor":10,"turns":7},{"damage":4,"enemies":"Gremlin Gang","floor":11,"turns":5},{"damage":0,"enemies":"Looter","floor":13,"turns":3},{"damage":6,"enemies":"3 Sentries","floor":14,"turns":7},{"damage":27,"enemies":"The Guardian","floor":16,"turns":11},{"damage":22,"enemies":"2 Thieves","floor":18,"turns":4},{"damage":3,"enemies":"Chosen","floor":20,"turns":7},{"damage":36,"enemies":"Book of Stabbing","floor":24,"turns":10},{"damage":18,"enemies":"Centurion and Healer","floor":25,"turns":9},{"damage":5,"enemies":"Gremlin Leader","floor":27,"turns":3}],"seed_played":"824288291673248404","potions_obtained":[{"floor":1,"key":"Block Potion"},{"floor":2,"key":"DistilledChaos"},{"floor":13,"key":"FocusPotion"},{"floor":14,"key":"Explosive Potion"},{"floor":16,"key":"FairyPotion"},{"floor":24,"key":"SkillPotion"},{"floor":25,"key":"AttackPotion"}],"is_trial":false,"path_per_floor":["M","?","M","?","$","E","M","R","T","E","M","R","M","E","R","B",null,"M","$","M","?","T","R","E","M","T","E"],"character_chosen":"DEFECT","items_purchased":["Toxic Egg 2","Ice Cream"],"campfire_rested":4,"item_purchase_floors":[5,19],"current_hp_per_floor":[39,39,38,38,38,8,6,27,27,15,11,32,32,26,47,20,58,36,36,33,12,12,33,21,3,3,0],"gold":97,"neow_bonus":"TWO_FIFTY_GOLD","is_prod":false,"is_daily":false,"chose_seed":false,"campfire_upgraded":0,"win_rate":0,"timestamp":1602296314,"path_taken":["M","?","?","?","$","E","M","R","T","E","?","R","M","E","R","BOSS","M","$","?","?","?","R","E","M","T","E"],"build_version":"2020-07-30","purchased_purges":0,"victory":false,"max_hp_per_floor":[71,71,71,71,71,71,71,71,71,71,71,71,71,71,71,71,71,71,71,71,71,71,71,71,71,71,71],"card_choices":[{"not_picked":["Go for the Eyes","Self Repair"],"picked":"Reinforced Body","floor":1},{"not_picked":["Double Energy","Leap"],"picked":"Sweeping Beam","floor":3},{"not_picked":["Loop","Stack+1"],"picked":"Melter","floor":6},{"not_picked":["Sweeping Beam","Gash"],"picked":"Ball Lightning","floor":7},{"not_picked":["Meteor Strike","Streamline"],"picked":"Genetic Algorithm+1","floor":10},{"not_picked":["Coolheaded+1","Go for the Eyes"],"picked":"Auto Shields+1","floor":11},{"not_picked":["Genetic Algorithm+1","Beam Cell"],"picked":"Leap+1","floor":13},{"not_picked":["Aggregate+1","Barrage"],"picked":"Multi-Cast+1","floor":14},{"not_picked":["All For One","Creative AI"],"picked":"Electrodynamics","floor":16},{"not_picked":["Barrage","Gash"],"picked":"Glacier+1","floor":18},{"not_picked":["Streamline","Stack+1"],"picked":"Defragment","floor":20},{"not_picked":["Capacitor+1","Barrage+1"],"picked":"Consume+1","floor":24},{"not_picked":["Hologram+1","Stack+1"],"picked":"BootSequence+1","floor":25}],"player_experience":1207701,"relics_obtained":[{"floor":6,"key":"Pen Nib"},{"floor":9,"key":"Oddly Smooth Stone"},{"floor":10,"key":"Tiny Chest"},{"floor":14,"key":"Bag of Marbles"},{"floor":21,"key":"Nilry\u0027s Codex"},{"floor":22,"key":"Molten Egg 2"},{"floor":24,"key":"Frozen Egg 2"},{"floor":26,"key":"WingedGreaves"}],"event_choices":[{"damage_healed":0,"gold_gain":0,"player_choice":"Bought 1 Potion","damage_taken":0,"max_hp_gain":0,"max_hp_loss":0,"event_name":"The Woman in Blue","floor":2,"gold_loss":0},{"cards_removed":["Strike_B"],"damage_healed":0,"gold_gain":0,"player_choice":"Purged","damage_taken":0,"max_hp_gain":0,"max_hp_loss":0,"event_name":"Purifier","floor":4,"gold_loss":0},{"damage_healed":0,"gold_gain":0,"player_choice":"Obtained Book","damage_taken":21,"max_hp_gain":0,"max_hp_loss":0,"event_name":"Cursed Tome","floor":21,"gold_loss":0}],"is_beta":false,"boss_relics":[{"not_picked":["Coffee Dripper","Philosopher\u0027s Stone"],"picked":"Inserter"}],"items_purged_floors":[],"is_endless":false,"potions_floor_spawned":[1,13,14,16,24,25],"killed_by":"Gremlin Leader","ascension_level":15}