{"gold_per_floor":[119,119,129,50,70,98,98,132,157,191,191,191,191],"floor_reached":13,"playtime":463,"items_purged":[],"score":177,"play_id":"0287b005-5a8f-4798-af49-f489895c8ace","local_time":"20210211233659","is_ascension_mode":true,"campfire_choices":[{"data":"Thunder Strike","floor":7,"key":"SMITH"},{"floor":11,"key":"REST"}],"neow_cost":"NONE","seed_source_timestamp":2357776283471100,"circlet_count":0,"master_deck":["AscendersBane","Strike_B","Strike_B","Strike_B","Strike_B","Defend_B","Defend_B","Defend_B","Zap","Dualcast","Leap","Sweeping Beam","Glacier","Rebound","Thunder Strike+1","Gash"],"relics":["Runic Dome","Blood Vial","Art of War","Potion Belt","Ornamental Fan"],"potions_floor_usage":[8,10],"damage_taken":[{"damage":7,"enemies":"Small Slimes","floor":1,"turns":4},{"damage":0,"enemies":"Cultist","floor":3,"turns":4},{"damage":0,"enemies":"2 Louse","floor":5,"turns":3},{"damage":16,"enemies":"3 Sentries","floor":6,"turns":9},{"damage":23,"enemies":"Gremlin Nob","floor":8,"turns":5},{"damage":3,"enemies":"3 Sentries","floor":10,"turns":6},{"damage":14,"enemies":"Gremlin Gang","floor":13,"turns":3}],"seed_played":"-4370564002509594108","potions_obtained":[{"floor":3,"key":"CultistPotion"},{"floor":8,"key":"AttackPotion"},{"floor":10,"key":"Explosive Potion"}],"is_trial":false,"path_per_floor":["M","?","M","$","M","E","R","E","T","E","R","?","M"],"character_chosen":"DEFECT","items_purchased":["Glacier"],"campfire_rested":1,"item_purchase_floors":[4],"current_hp_per_floor":[57,57,57,57,57,41,41,20,20,19,40,5,0],"gold":191,"neow_bonus":"BOSS_RELIC","is_prod":false,"is_daily":false,"chose_seed":false,"campfire_upgraded":1,"win_rate":0,"timestamp":1613104619,"path_taken":["M","?","M","?","M","E","R","E","T","E","R","?","M"],"build_version":"2020-12-22","purchased_purges":0,"victory":false,"max_hp_per_floor":[71,71,71,71,71,71,71,71,71,71,71,71,71],"card_choices":[{"not_picked":["Barrage","Hologram"],"picked":"Leap","floor":1},{"not_picked":["Cold Snap","Redo"],"picked":"Sweeping Beam","floor":3},{"not_picked":["Steam","Recycle"],"picked":"Rebound","floor":5},{"not_picked":["Turbo","Doom and Gloom"],"picked":"Thunder Strike","floor":6},{"not_picked":["Glacier","Steam","Reprogram"],"picked":"SKIP","floor":8},{"not_picked":["Steam","Heatsinks"],"picked":"Gash","floor":10}],"player_experience":1288872,"relics_obtained":[{"floor":6,"key":"Blood Vial"},{"floor":8,"key":"Art of War"},{"floor":9,"key":"Potion Belt"},{"floor":10,"key":"Ornamental Fan"}],"event_choices":[{"cards_removed":["Defend_B"],"damage_healed":0,"gold_gain":0,"player_choice":"Offered Basic","damage_taken":0,"max_hp_gain":0,"max_hp_loss":0,"event_name":"Bonfire Elementals","floor":2,"gold_loss":0},{"damage_healed":0,"gold_gain":0,"player_choice":"Fled","damage_taken":35,"max_hp_gain":0,"max_hp_loss":0,"event_name":"Scrap Ooze","floor":12,"gold_loss":0}],"is_beta":false,"boss_relics":[],"items_purged_floors":[],"is_endless":false,"potions_floor_spawned":[3,8,10],"killed_by":"Gremlin Gang","ascension_level":15}