{"gold_per_floor":[119,4,4,4,17,48,60,60,111,136,169,192,192,217,217,305,305,305,275,275],"floor_reached":20,"playtime":552,"items_purged":[],"score":366,"play_id":"f7817077-0ce9-496c-88f2-27117dd5b4ed","local_time":"20210228004623","is_ascension_mode":true,"campfire_choices":[{"data":"Genetic Algorithm","floor":8,"key":"SMITH"},{"floor":13,"key":"REST"},{"data":"Loop","floor":15,"key":"SMITH"}],"neow_cost":"NONE","seed_source_timestamp":966525231898600,"circlet_count":0,"master_deck":["AscendersBane","Strike_B+1","Strike_B+1","Strike_B","Defend_B","Defend_B","Defend_B","Defend_B","Zap","Dualcast","Gash","Echo Form","Sweeping Beam","Rebound","Genetic Algorithm+1","Lockon","Redo","Sunder","Loop+1","Force Field","Creative AI"],"relics":["Cracked Core","NeowsBlessing","Vajra","CeramicFish","Anchor","SlaversCollar"],"potions_floor_usage":[10,11,14,16,18,20],"damage_taken":[{"damage":0,"enemies":"2 Louse","floor":1,"turns":1},{"damage":0,"enemies":"Jaw Worm","floor":5,"turns":1},{"damage":0,"enemies":"3 Sentries","floor":6,"turns":1},{"damage":0,"enemies":"Cultist","floor":7,"turns":3},{"damage":5,"enemies":"2 Fungi Beasts","floor":10,"turns":3},{"damage":15,"enemies":"Gremlin Nob","floor":11,"turns":3},{"damage":5,"enemies":"Gremlin Gang","floor":12,"turns":4},{"damage":11,"enemies":"Exordium Wildlife","floor":14,"turns":4},{"damage":23,"enemies":"The Guardian","floor":16,"turns":10},{"damage":0,"enemies":"2 Thieves","floor":18,"turns":1},{"damage":1,"enemies":"3 Byrds","floor":20,"turns":3}],"seed_played":"8376100429781668061","potions_obtained":[{"floor":5,"key":"SpeedPotion"},{"floor":6,"key":"Regen Potion"},{"floor":11,"key":"BlessingOfTheForge"},{"floor":12,"key":"Weak Potion"},{"floor":14,"key":"SmokeBomb"},{"floor":19,"key":"GamblersBrew"},{"floor":19,"key":"Strength Potion"}],"is_trial":false,"path_per_floor":["M","$","?","?","M","E","M","R","T","M","E","M","R","M","R","B",null,"M","?","M"],"character_chosen":"DEFECT","items_purchased":["Echo Form","Sweeping Beam"],"campfire_rested":1,"item_purchase_floors":[2,2],"current_hp_per_floor":[64,64,43,43,43,43,43,43,43,38,32,27,48,37,37,14,57,57,57,56],"gold":275,"neow_bonus":"THREE_ENEMY_KILL","is_prod":false,"is_daily":false,"chose_seed":false,"campfire_upgraded":2,"win_rate":0,"timestamp":1614491183,"path_taken":["M","$","?","?","M","E","M","R","T","?","E","M","R","M","R","BOSS","M","?","?"],"build_version":"2020-12-22","purchased_purges":0,"victory":false,"max_hp_per_floor":[71,71,71,71,71,71,71,71,71,71,71,71,71,71,71,71,71,71,71,71],"card_choices":[{"not_picked":["Cold Snap","Leap"],"picked":"Gash","floor":1},{"not_picked":["Sweeping Beam","Tempest"],"picked":"Genetic Algorithm","floor":5},{"not_picked":["Blizzard","Hologram"],"picked":"Lockon","floor":6},{"not_picked":["Coolheaded","Chaos"],"picked":"Redo","floor":7},{"not_picked":["Aggregate","Turbo"],"picked":"Sunder","floor":10},{"not_picked":["Machine Learning","Sweeping Beam","Turbo"],"picked":"SKIP","floor":11},{"not_picked":["White Noise","Chaos"],"picked":"Loop","floor":12},{"not_picked":["Leap","Turbo"],"picked":"Force Field","floor":14},{"not_picked":["Fission","Machine Learning"],"picked":"Creative AI","floor":16}],"player_experience":1305351,"relics_obtained":[{"floor":6,"key":"Vajra"},{"floor":9,"key":"CeramicFish"},{"floor":11,"key":"Anchor"}],"event_choices":[{"damage_healed":0,"gold_gain":0,"player_choice":"Entered Light","damage_taken":21,"max_hp_gain":0,"max_hp_loss":0,"event_name":"Shining Light","floor":3,"gold_loss":0,"cards_upgraded":["Strike_B","Strike_B"]},{"damage_healed":0,"gold_gain":0,"cards_transformed":["Strike_B"],"player_choice":"Transformed","damage_taken":0,"max_hp_gain":0,"max_hp_loss":0,"event_name":"Transmorgrifier","floor":4,"gold_loss":0,"cards_obtained":["Rebound"]},{"damage_healed":0,"gold_gain":0,"player_choice":"Bought 2 Potions","damage_taken":0,"max_hp_gain":0,"max_hp_loss":0,"event_name":"The Woman in Blue","floor":19,"gold_loss":0}],"is_beta":false,"boss_relics":[{"not_picked":["Cursed Key","Fusion Hammer"],"picked":"SlaversCollar"}],"items_purged_floors":[],"is_endless":false,"potions_floor_spawned":[5,6,11,12,14,18],"killed_by":"3 Byrds","ascension_level":15}