{"gold_per_floor":[111,128,138,25,42,75,75,75,151,7,7,7,34,49,49,121,121,131,115,115,42,42,42,69,80,80,80,80,100,131,145,145,219,219,231,231,231],"floor_reached":38,"playtime":1750,"items_purged":["Strike_B"],"score":1095,"play_id":"c6ccca31-dc7e-4cdb-bd67-914a7f8cf685","local_time":"20210318170006","is_ascension_mode":true,"campfire_choices":[{"data":"Apotheosis","floor":7,"key":"SMITH"},{"floor":11,"key":"REST"},{"data":"Coolheaded","floor":15,"key":"SMITH"},{"floor":23,"key":"REST"},{"floor":27,"key":"REST"},{"floor":32,"key":"REST"}],"neow_cost":"TEN_PERCENT_HP_LOSS","seed_source_timestamp":18535719010200,"circlet_count":0,"master_deck":["AscendersBane","Strike_B","Strike_B+1","Strike_B","Defend_B","Defend_B","Defend_B","Defend_B","Zap","Dualcast+1","Apotheosis+1","Steam","Doom and Gloom","Core Surge","Defragment+1","Coolheaded+1","Glacier","Seek","Streamline+1","Loop","Defragment","Seek","Buffer"],"relics":["Cracked Core","Bird Faced Urn","Bottled Lightning","OrangePellets","DataDisk","Fusion Hammer","Nilry\u0027s Codex","Smiling Mask","Pear","Tiny Chest","Cursed Key"],"potions_floor_usage":[24,30,33],"damage_taken":[{"damage":0,"enemies":"Cultist","floor":1,"turns":3},{"damage":1,"enemies":"Jaw Worm","floor":2,"turns":4},{"damage":9,"enemies":"2 Louse","floor":3,"turns":2},{"damage":2,"enemies":"Exordium Thugs","floor":5,"turns":4},{"damage":26,"enemies":"3 Sentries","floor":6,"turns":7},{"damage":16,"enemies":"Lagavulin","floor":13,"turns":5},{"damage":0,"enemies":"2 Fungi Beasts","floor":14,"turns":3},{"damage":4,"enemies":"Hexaghost","floor":16,"turns":8},{"damage":0,"enemies":"Chosen","floor":18,"turns":5},{"damage":12,"enemies":"2 Thieves","floor":19,"turns":4},{"damage":26,"enemies":"Slavers","floor":24,"turns":5},{"damage":0,"enemies":"Sentry and Sphere","floor":25,"turns":3},{"damage":7,"enemies":"Shelled Parasite and Fungi","floor":29,"turns":6},{"damage":11,"enemies":"Gremlin Leader","floor":30,"turns":6},{"damage":4,"enemies":"Chosen and Byrds","floor":31,"turns":4},{"damage":6,"enemies":"Automaton","floor":33,"turns":9},{"damage":14,"enemies":"3 Darklings","floor":35,"turns":5},{"damage":19,"enemies":"Donu and Deca","floor":37,"turns":12}],"seed_played":"7957447837540589426","potions_obtained":[{"floor":3,"key":"EssenceOfSteel"},{"floor":5,"key":"DuplicationPotion"},{"floor":6,"key":"PotionOfCapacity"},{"floor":24,"key":"EssenceOfDarkness"},{"floor":30,"key":"Dexterity Potion"}],"is_trial":false,"path_per_floor":["M","M","M","$","M","E","R","?","T","$","R","?","E","M","R","B",null,"M","M","?","$","?","R","E","M","T","R","?","M","E","M","R","B",null,"M","?","B",null],"character_chosen":"DEFECT","items_purchased":["Defragment","OrangePellets","Defragment"],"campfire_rested":4,"item_purchase_floors":[4,10,21],"current_hp_per_floor":[64,63,54,54,52,26,26,7,7,7,26,26,12,14,14,12,51,53,43,43,43,22,41,23,29,39,61,61,62,59,61,74,68,73,66,66,74],"gold":231,"neow_bonus":"RANDOM_COLORLESS_2","is_prod":false,"is_daily":false,"chose_seed":false,"campfire_upgraded":2,"win_rate":0,"timestamp":1616101206,"path_taken":["M","?","?","?","M","E","R","?","T","$","R","?","E","M","R","BOSS","M","M","?","$","?","R","E","M","T","R","?","?","E","M","R","BOSS","M","?","BOSS"],"build_version":"2020-12-22","purchased_purges":1,"victory":true,"max_hp_per_floor":[64,64,64,64,64,64,64,64,64,64,64,64,64,64,64,64,64,64,64,64,64,64,64,64,64,74,74,74,74,74,74,74,74,74,74,74,74],"card_choices":[{"not_picked":["Magnetism","Secret Technique"],"picked":"Apotheosis","floor":0},{"not_picked":["Steam Power","Barrage"],"picked":"Steam","floor":1},{"not_picked":["Hologram","Leap"],"picked":"Doom and Gloom","floor":2},{"not_picked":["Redo","Gash"],"picked":"Core Surge","floor":3},{"not_picked":["Barrage","Scrape"],"picked":"Coolheaded","floor":5},{"not_picked":["Ball Lightning","Steam"],"picked":"Glacier","floor":6},{"not_picked":["Scrape","Storm","Steam"],"picked":"SKIP","floor":13},{"not_picked":["Coolheaded","Turbo","Hologram"],"picked":"SKIP","floor":14},{"not_picked":["All For One","Core Surge"],"picked":"Seek","floor":16},{"not_picked":["Barrage","Beam Cell"],"picked":"Streamline+1","floor":18},{"not_picked":["Gash+1","Rebound+1"],"picked":"Loop","floor":19},{"not_picked":["White Noise","Undo","Beam Cell"],"picked":"SKIP","floor":24},{"not_picked":["Cold Snap","Stack","Sweeping Beam"],"picked":"SKIP","floor":25},{"not_picked":["Steam","Sweeping Beam","Reinforced Body"],"picked":"SKIP","floor":29},{"not_picked":["Streamline","Glacier","Compile Driver"],"picked":"SKIP","floor":30},{"not_picked":["Turbo","Streamline+1"],"picked":"Seek","floor":31},{"not_picked":["Amplify","All For One"],"picked":"Buffer","floor":33},{"not_picked":["Go for the Eyes+1","Ball Lightning","Self Repair"],"picked":"SKIP","floor":35}],"player_experience":1323942,"relics_obtained":[{"floor":6,"key":"Bird Faced Urn"},{"floor":9,"key":"Bottled Lightning"},{"floor":13,"key":"DataDisk"},{"floor":22,"key":"Nilry\u0027s Codex"},{"floor":24,"key":"Smiling Mask"},{"floor":26,"key":"Pear"},{"floor":30,"key":"Tiny Chest"}],"event_choices":[{"damage_healed":0,"gold_gain":0,"player_choice":"Entered Light","damage_taken":19,"max_hp_gain":0,"max_hp_loss":0,"event_name":"Shining Light","floor":8,"gold_loss":0,"cards_upgraded":["Dualcast","Strike_B"]},{"damage_healed":0,"gold_gain":0,"player_choice":"Forge","damage_taken":0,"max_hp_gain":0,"max_hp_loss":0,"event_name":"Accursed Blacksmith","floor":12,"gold_loss":0,"cards_upgraded":["Defragment"]},{"damage_healed":0,"gold_gain":0,"player_choice":"Ignored","damage_taken":0,"max_hp_gain":0,"max_hp_loss":0,"event_name":"Beggar","floor":20,"gold_loss":0},{"damage_healed":0,"gold_gain":0,"player_choice":"Obtained Book","damage_taken":21,"max_hp_gain":0,"max_hp_loss":0,"event_name":"Cursed Tome","floor":22,"gold_loss":0},{"damage_healed":0,"gold_gain":0,"player_choice":"Ignored","damage_taken":0,"max_hp_gain":0,"max_hp_loss":0,"event_name":"Ghosts","floor":28,"gold_loss":0},{"damage_healed":0,"gold_gain":0,"player_choice":"Took Portal","damage_taken":0,"max_hp_gain":0,"max_hp_loss":0,"event_name":"SecretPortal","floor":36,"gold_loss":0}],"is_beta":false,"boss_relics":[{"not_picked":["Runic Pyramid","Velvet Choker"],"picked":"Fusion Hammer"},{"not_picked":["Coffee Dripper","Pandora\u0027s Box"],"picked":"Cursed Key"}],"items_purged_floors":[4],"is_endless":false,"potions_floor_spawned":[3,5,6,13,19,24,30,31],"ascension_level":15}