{"gold_per_floor":[118,40,40,40,40,72,72,89,89,99,15,48,48,48,48,122,122,140,140,140,62,112,138,118,118],"floor_reached":25,"playtime":673,"items_purged":[],"score":404,"play_id":"e8e0aa24-c781-40cf-8f48-692e373a3826","local_time":"20210429220658","is_ascension_mode":true,"campfire_choices":[{"data":"Defragment","floor":7,"key":"SMITH"},{"floor":13,"key":"REST"},{"data":"Rainbow","floor":15,"key":"SMITH"}],"neow_cost":"CURSE","seed_source_timestamp":331253406073900,"circlet_count":0,"master_deck":["AscendersBane","Strike_B","Strike_B","Strike_B","Strike_B","Defend_B","Defend_B","Defend_B","Defend_B","Zap","Dualcast","Multi-Cast+1","Cold Snap","Defragment+1","Ball Lightning","Sunder","Leap","Loop","Rainbow+1","Thunder Strike","Static Discharge","Capacitor","Fusion"],"relics":["Cracked Core","Cables","Spirit Poop","Ornamental Fan","FossilizedHelix","Strawberry","SlaversCollar","White Beast Statue","Bottled Tornado"],"potions_floor_usage":[12,12,23,24],"damage_taken":[{"damage":2,"enemies":"Jaw Worm","floor":1,"turns":3},{"damage":26,"enemies":"Lagavulin","floor":6,"turns":7},{"damage":10,"enemies":"Small Slimes","floor":8,"turns":3},{"damage":0,"enemies":"Cultist","floor":10,"turns":2},{"damage":10,"enemies":"3 Sentries","floor":12,"turns":4},{"damage":8,"enemies":"Slime Boss","floor":16,"turns":6},{"damage":12,"enemies":"Chosen","floor":18,"turns":5},{"damage":12,"enemies":"Gremlin Leader","floor":23,"turns":6},{"damage":14,"enemies":"2 Thieves","floor":24,"turns":4},{"damage":43,"enemies":"Slavers","floor":25,"turns":3}],"seed_played":"-4185804522136968352","potions_obtained":[{"floor":6,"key":"DistilledChaos"},{"floor":8,"key":"LiquidMemories"},{"floor":12,"key":"Fire Potion"},{"floor":23,"key":"SkillPotion"},{"floor":24,"key":"Ancient Potion"}],"is_trial":false,"path_per_floor":["M","$","?","?","?","E","R","M","T","M","$","E","R","$","R","B",null,"M","T","?","$","?","E","M","E"],"character_chosen":"DEFECT","items_purchased":["Defragment","Loop","Static Discharge"],"campfire_rested":1,"item_purchase_floors":[2,11,21],"current_hp_per_floor":[62,62,57,57,57,31,31,21,21,21,21,18,41,41,41,33,67,55,55,55,55,55,43,29,0],"gold":118,"neow_bonus":"THREE_RARE_CARDS","is_prod":false,"is_daily":false,"chose_seed":false,"campfire_upgraded":2,"win_rate":0,"timestamp":1619748418,"path_taken":["M","$","?","?","?","E","R","M","T","?","?","E","R","$","R","BOSS","M","?","?","$","?","E","M","E"],"build_version":"2020-12-22","purchased_purges":0,"victory":false,"max_hp_per_floor":[71,71,71,71,71,71,71,71,71,71,71,78,78,78,78,78,78,78,78,78,78,78,78,78,78],"card_choices":[{"not_picked":["Core Surge","Machine Learning"],"picked":"Multi-Cast","floor":0},{"not_picked":["Rebound","Beam Cell"],"picked":"Cold Snap","floor":1},{"not_picked":["Rip and Tear","FTL"],"picked":"Ball Lightning","floor":6},{"not_picked":["Redo","Gash"],"picked":"Sunder","floor":8},{"not_picked":["Skim","Redo"],"picked":"Leap","floor":10},{"not_picked":["Redo","Coolheaded"],"picked":"Rainbow","floor":12},{"not_picked":["Buffer","Meteor Strike"],"picked":"Thunder Strike","floor":16},{"not_picked":["Aggregate","Chaos","Stack"],"picked":"SKIP","floor":18},{"not_picked":["Streamline","Cold Snap"],"picked":"Capacitor","floor":23},{"not_picked":["Leap","Ball Lightning"],"picked":"Fusion","floor":24}],"player_experience":1403478,"relics_obtained":[{"floor":6,"key":"Ornamental Fan"},{"floor":9,"key":"FossilizedHelix"},{"floor":12,"key":"Strawberry"},{"floor":19,"key":"White Beast Statue"},{"floor":23,"key":"Bottled Tornado"}],"event_choices":[{"damage_healed":0,"gold_gain":0,"player_choice":"Success","damage_taken":5,"relics_obtained":["Cables"],"max_hp_gain":0,"max_hp_loss":0,"event_name":"Scrap Ooze","floor":3,"gold_loss":0},{"damage_healed":0,"gold_gain":0,"player_choice":"Grow","damage_taken":0,"max_hp_gain":0,"max_hp_loss":0,"event_name":"Living Wall","floor":4,"gold_loss":0,"cards_upgraded":["Multi-Cast"]},{"cards_removed":["Injury"],"damage_healed":0,"gold_gain":0,"player_choice":"Offered Curse","damage_taken":0,"relics_obtained":["Spirit Poop"],"max_hp_gain":0,"max_hp_loss":0,"event_name":"Bonfire Elementals","floor":5,"gold_loss":0},{"damage_healed":0,"gold_gain":0,"player_choice":"Ignored","damage_taken":0,"max_hp_gain":0,"max_hp_loss":0,"event_name":"Beggar","floor":20,"gold_loss":0},{"damage_healed":0,"gold_gain":50,"player_choice":"Stole From Cult","damage_taken":0,"max_hp_gain":0,"max_hp_loss":0,"event_name":"Nest","floor":22,"gold_loss":0}],"is_beta":false,"boss_relics":[{"not_picked":["Tiny House","Ectoplasm"],"picked":"SlaversCollar"}],"items_purged_floors":[],"is_endless":false,"potions_floor_spawned":[6,8,12,23,24],"killed_by":"Slavers","ascension_level":16}