{"gold_per_floor":[110,110,130,55,76,114,114,114,114,114],"floor_reached":10,"playtime":558,"items_purged":[],"score":137,"play_id":"3d8d4e7e-db99-4d7c-9347-90d830d6d555","local_time":"20210430131559","is_ascension_mode":true,"campfire_choices":[{"data":"Hologram","floor":7,"key":"SMITH"}],"neow_cost":"TEN_PERCENT_HP_LOSS","seed_source_timestamp":385910453364000,"circlet_count":0,"master_deck":["AscendersBane","Strike_B","Strike_B","Defend_B","Defend_B","Defend_B","Zap","Dualcast","Gash","Hologram+1","Reinforced Body","Rebound"],"relics":["Cracked Core","CeramicFish","Peace Pipe","Shuriken"],"potions_floor_usage":[8],"damage_taken":[{"damage":2,"enemies":"Jaw Worm","floor":1,"turns":3},{"damage":8,"enemies":"Small Slimes","floor":3,"turns":3},{"damage":1,"enemies":"Cultist","floor":5,"turns":3},{"damage":10,"enemies":"Lagavulin","floor":6,"turns":9},{"damage":14,"enemies":"Gremlin Nob","floor":8,"turns":4},{"damage":18,"enemies":"Lots of Slimes","floor":10,"turns":5}],"seed_played":"-7031665463510769748","potions_obtained":[{"floor":6,"key":"SmokeBomb"}],"is_trial":false,"path_per_floor":["M","?","M","?","M","E","R","E","T","M"],"character_chosen":"DEFECT","items_purchased":[],"campfire_rested":0,"item_purchase_floors":[],"current_hp_per_floor":[62,51,43,43,42,32,32,18,18,0],"gold":114,"neow_bonus":"REMOVE_TWO","is_prod":false,"is_daily":false,"chose_seed":false,"campfire_upgraded":1,"win_rate":0,"timestamp":1619802959,"path_taken":["M","?","M","?","M","E","R","E","T","M"],"build_version":"2020-12-22","purchased_purges":0,"victory":false,"max_hp_per_floor":[64,64,64,64,64,64,64,64,64,64],"card_choices":[{"not_picked":["Ball Lightning","Streamline"],"picked":"Gash","floor":1},{"not_picked":["Chaos","Turbo"],"picked":"Hologram","floor":3},{"not_picked":["Force Field","Rebound"],"picked":"Reinforced Body","floor":5},{"not_picked":["Storm","Conserve Battery"],"picked":"Rebound","floor":6}],"player_experience":1406115,"relics_obtained":[{"floor":6,"key":"Peace Pipe"},{"floor":9,"key":"Shuriken"}],"event_choices":[{"damage_healed":0,"gold_gain":0,"player_choice":"Success","damage_taken":11,"relics_obtained":["CeramicFish"],"max_hp_gain":0,"max_hp_loss":0,"event_name":"Scrap Ooze","floor":2,"gold_loss":0},{"cards_removed":["Strike_B"],"damage_healed":0,"gold_gain":0,"player_choice":"Card Removal","damage_taken":0,"max_hp_gain":0,"max_hp_loss":0,"event_name":"The Cleric","floor":4,"gold_loss":75}],"is_beta":false,"boss_relics":[],"items_purged_floors":[],"is_endless":false,"potions_floor_spawned":[6],"killed_by":"Lots of Slimes","ascension_level":16}