{"gold_per_floor":[109,109,109,121,140,172,172,200,200,233,194,194,194],"floor_reached":13,"playtime":331,"items_purged":[],"score":182,"play_id":"66e7c79e-0dff-47b2-8c9e-2b1282684965","local_time":"20210428205135","is_ascension_mode":true,"campfire_choices":[{"floor":7,"key":"REST"}],"neow_cost":"NONE","seed_source_timestamp":240673070499900,"circlet_count":0,"master_deck":["AscendersBane","Strike_B","Strike_B","Strike_B","Defend_B","Defend_B","Defend_B","Defend_B","Zap","Dualcast","Ball Lightning","Pain","Sweeping Beam","Leap","Skim","BootSequence","Amplify"],"relics":["Cracked Core","NeowsBlessing","WarpedTongs","Lantern","Molten Egg 2","Centennial Puzzle","Calipers"],"potions_floor_usage":[6,10,10],"damage_taken":[{"damage":0,"enemies":"2 Louse","floor":1,"turns":1},{"damage":0,"enemies":"Cultist","floor":4,"turns":1},{"damage":0,"enemies":"Jaw Worm","floor":5,"turns":1},{"damage":28,"enemies":"Gremlin Nob","floor":6,"turns":4},{"damage":15,"enemies":"Lagavulin","floor":8,"turns":6},{"damage":40,"enemies":"3 Sentries","floor":10,"turns":9},{"damage":12,"enemies":"Large Slime","floor":13,"turns":2}],"seed_played":"7347939659566177127","potions_obtained":[{"floor":1,"key":"Swift Potion"},{"floor":6,"key":"Regen Potion"},{"floor":8,"key":"Swift Potion"}],"is_trial":false,"path_per_floor":["M","?","?","M","M","E","R","E","T","E","?","?","M"],"character_chosen":"DEFECT","items_purchased":[],"campfire_rested":1,"item_purchase_floors":[],"current_hp_per_floor":[64,57,57,57,57,29,50,35,35,10,10,10,0],"gold":194,"neow_bonus":"THREE_ENEMY_KILL","is_prod":false,"is_daily":false,"chose_seed":false,"campfire_upgraded":0,"win_rate":0,"timestamp":1619657495,"path_taken":["M","?","?","M","?","E","R","E","T","E","?","?","M"],"build_version":"2020-12-22","purchased_purges":0,"victory":false,"max_hp_per_floor":[71,71,71,71,71,71,71,71,71,71,71,71,71],"card_choices":[{"not_picked":["Conserve Battery","Cold Snap"],"picked":"Ball Lightning","floor":1},{"not_picked":["Barrage","Hologram"],"picked":"Sweeping Beam","floor":4},{"not_picked":["Stack","Barrage"],"picked":"Leap","floor":5},{"not_picked":["Double Energy","Redo"],"picked":"Skim","floor":6},{"not_picked":["Chill","Heatsinks"],"picked":"BootSequence","floor":8},{"not_picked":["Conserve Battery","Aggregate"],"picked":"Amplify","floor":10}],"player_experience":1399297,"relics_obtained":[{"floor":6,"key":"Lantern"},{"floor":8,"key":"Molten Egg 2"},{"floor":9,"key":"Centennial Puzzle"},{"floor":10,"key":"Calipers"}],"event_choices":[{"cards_removed":["Strike_B"],"damage_healed":0,"gold_gain":0,"player_choice":"Card Removal","damage_taken":7,"max_hp_gain":0,"max_hp_loss":0,"event_name":"Golden Wing","floor":2,"gold_loss":0},{"damage_healed":0,"gold_gain":0,"player_choice":"Rummage","damage_taken":0,"relics_obtained":["WarpedTongs"],"max_hp_gain":0,"max_hp_loss":0,"event_name":"Accursed Blacksmith","floor":3,"gold_loss":0,"cards_obtained":["Pain"]},{"damage_healed":0,"gold_gain":0,"player_choice":"Left Gold","damage_taken":0,"max_hp_gain":0,"max_hp_loss":0,"event_name":"World of Goop","floor":11,"gold_loss":39},{"damage_healed":0,"gold_gain":0,"player_choice":"Ignored","damage_taken":0,"max_hp_gain":0,"max_hp_loss":0,"event_name":"Shining Light","floor":12,"gold_loss":0}],"is_beta":false,"boss_relics":[],"items_purged_floors":[],"is_endless":false,"potions_floor_spawned":[1,6,8],"killed_by":"Large Slime","ascension_level":16}