{"gold_per_floor":[112,23,23,23,42,67,67,102,155,155,155,197,220,261,261,345,345,371,380,409,85,114,114,143,170,197,197,235,258,294,317,317,405,432,451,472,128,147,170,170,180,180,180,233,251,49,49,83,83,83],"floor_reached":51,"playtime":1994,"items_purged":[],"score":1537,"play_id":"63a82408-46d2-4a1a-9b87-99c8a69bf7c0","local_time":"20210502221230","is_ascension_mode":true,"campfire_choices":[{"data":"Zap","floor":7,"key":"SMITH"},{"data":"Doom and Gloom","floor":11,"key":"SMITH"},{"data":"Buffer","floor":15,"key":"SMITH"},{"floor":23,"key":"REST"},{"floor":32,"key":"REST"},{"floor":40,"key":"REST"},{"floor":42,"key":"DIG"},{"floor":47,"key":"DIG"},{"floor":49,"key":"DIG"}],"neow_cost":"NONE","seed_source_timestamp":8594349444600,"circlet_count":0,"master_deck":["AscendersBane","Strike_B","Defend_B","Defend_B","Defend_B","Zap+1","Dualcast+1","Glacier+1","Doom and Gloom+1","FTL+1","Ball Lightning","Blizzard","Skim+1","Buffer+1","Thunder Strike+1","Chill","Static Discharge+1","Lockon","Go for the Eyes+1","Chill","White Noise+1","Coolheaded","Defragment","Buffer","Amplify+1","Reboot+1","Beam Cell+1","Leap+1","Chill+1","Barrage+1","Storm"],"relics":["Cracked Core","NeowsBlessing","Omamori","Tiny Chest","Anchor","CeramicFish","Calipers","Toy Ornithopter","SlaversCollar","Bag of Marbles","Oddly Smooth Stone","Centennial Puzzle","War Paint","DataDisk","Akabeko","Shovel","Astrolabe","PreservedInsect","Blood Vial","Kunai","Bottled Tornado","Whetstone","ClockworkSouvenir","Potion Belt","Art of War","Happy Flower"],"potions_floor_usage":[8,12,14,18,22,28,29,31,50,50],"damage_taken":[{"damage":0,"enemies":"Small Slimes","floor":1,"turns":1},{"damage":0,"enemies":"2 Louse","floor":5,"turns":1},{"damage":0,"enemies":"Gremlin Nob","floor":6,"turns":1},{"damage":10,"enemies":"3 Sentries","floor":8,"turns":4},{"damage":14,"enemies":"Lagavulin","floor":12,"turns":5},{"damage":0,"enemies":"Cultist","floor":13,"turns":2},{"damage":7,"enemies":"Gremlin Nob","floor":14,"turns":3},{"damage":12,"enemies":"Slime Boss","floor":16,"turns":8},{"damage":25,"enemies":"2 Thieves","floor":18,"turns":5},{"damage":7,"enemies":"3 Byrds","floor":20,"turns":5},{"damage":21,"enemies":"Snecko","floor":22,"turns":6},{"damage":20,"enemies":"Slavers","floor":24,"turns":7},{"damage":13,"enemies":"Gremlin Leader","floor":28,"turns":7},{"damage":7,"enemies":"Cultist and Chosen","floor":29,"turns":6},{"damage":2,"enemies":"Book of Stabbing","floor":30,"turns":5},{"damage":9,"enemies":"Centurion and Healer","floor":31,"turns":4},{"damage":31,"enemies":"Champ","floor":33,"turns":15},{"damage":14,"enemies":"3 Shapes","floor":35,"turns":2},{"damage":1,"enemies":"Orb Walker","floor":36,"turns":4},{"damage":17,"enemies":"Transient","floor":38,"turns":6},{"damage":0,"enemies":"Sphere and 2 Shapes","floor":39,"turns":8},{"damage":0,"enemies":"4 Shapes","floor":41,"turns":5},{"damage":0,"enemies":"3 Darklings","floor":45,"turns":4},{"damage":0,"enemies":"Giant Head","floor":48,"turns":7},{"damage":58,"enemies":"Donu and Deca","floor":50,"turns":10}],"seed_played":"-7071546409865849416","potions_obtained":[{"floor":5,"key":"Fire Potion"},{"floor":6,"key":"FocusPotion"},{"floor":12,"key":"AttackPotion"},{"floor":14,"key":"Regen Potion"},{"floor":16,"key":"SpeedPotion"},{"floor":24,"key":"Strength Potion"},{"floor":28,"key":"SpeedPotion"},{"floor":30,"key":"Block Potion"},{"floor":33,"key":"SteroidPotion"},{"floor":35,"key":"FearPotion"},{"floor":48,"key":"FairyPotion"}],"is_trial":false,"path_per_floor":["M","$","?","?","M","E","R","E","T","?","R","E","M","E","R","B",null,"M","?","M","$","M","R","E","T","T","?","E","M","E","M","R","B",null,"M","M","$","M","M","R","M","R","T","T","M","$","R","E","R","B",null],"character_chosen":"DEFECT","items_purchased":["Doom and Gloom","Bag of Marbles","Oddly Smooth Stone","PreservedInsect","Blood Vial","ClockworkSouvenir","Storm"],"campfire_rested":3,"item_purchase_floors":[2,21,21,37,37,46,46],"current_hp_per_floor":[64,64,64,64,64,64,64,54,54,54,54,40,40,33,33,21,59,39,39,32,32,30,51,31,31,31,31,23,21,19,15,36,5,55,41,40,40,25,27,48,50,50,50,50,52,52,52,54,54,8],"gold":83,"neow_bonus":"THREE_ENEMY_KILL","is_prod":false,"is_daily":false,"chose_seed":false,"campfire_upgraded":3,"win_rate":0,"timestamp":1620007950,"path_taken":["M","$","?","?","M","E","R","E","T","?","R","E","M","E","R","BOSS","M","?","?","$","M","R","E","?","T","?","E","M","E","M","R","BOSS","M","?","$","M","?","R","M","R","T","?","M","$","R","E","R","BOSS"],"build_version":"2020-12-22","purchased_purges":0,"victory":true,"max_hp_per_floor":[71,71,71,71,71,71,71,71,71,71,71,71,71,71,71,71,71,71,71,71,71,71,71,71,71,71,71,71,71,71,71,71,71,71,71,71,71,71,71,71,71,71,71,71,71,71,71,71,71,71],"card_choices":[{"not_picked":["Cold Snap","Leap"],"picked":"Glacier","floor":1},{"not_picked":["Stack","Turbo"],"picked":"FTL","floor":5},{"not_picked":["White Noise","Redo"],"picked":"Ball Lightning","floor":6},{"not_picked":["Go for the Eyes","Gash","Rebound"],"picked":"SKIP","floor":8},{"not_picked":["Static Discharge","Sweeping Beam"],"picked":"Blizzard","floor":12},{"not_picked":["Compile Driver","Steam Power"],"picked":"Skim","floor":13},{"not_picked":["Turbo","Scrape"],"picked":"Buffer","floor":14},{"not_picked":["Multi-Cast","Meteor Strike"],"picked":"Thunder Strike","floor":16},{"not_picked":["Sweeping Beam","Loop"],"picked":"Chill","floor":18},{"not_picked":["Steam","Aggregate"],"picked":"Lockon","floor":20},{"not_picked":["Ball Lightning","Barrage"],"picked":"Go for the Eyes+1","floor":22},{"not_picked":["Go for the Eyes","Hologram","Gash"],"picked":"SKIP","floor":24},{"not_picked":["Core Surge","Cold Snap"],"picked":"Chill","floor":28},{"not_picked":["Heatsinks+1","Compile Driver+1"],"picked":"White Noise+1","floor":29},{"not_picked":["Undo","Glacier"],"picked":"Coolheaded","floor":30},{"not_picked":["Streamline","Steam"],"picked":"Defragment","floor":31},{"not_picked":["Core Surge","Meteor Strike"],"picked":"Buffer","floor":33},{"not_picked":["Static Discharge","Beam Cell"],"picked":"Leap+1","floor":35},{"not_picked":["Reprogram","Conserve Battery"],"picked":"Chill+1","floor":36},{"not_picked":["Coolheaded","Chaos","Stack"],"picked":"SKIP","floor":38},{"not_picked":["Gash","Coolheaded"],"picked":"Barrage+1","floor":39},{"not_picked":["Loop","Rip and Tear","Go for the Eyes"],"picked":"SKIP","floor":41},{"not_picked":["Scrape+1","Gash","Steam"],"picked":"SKIP","floor":45},{"not_picked":["Storm","Coolheaded","Hyperbeam"],"picked":"SKIP","floor":48}],"player_experience":1414645,"relics_obtained":[{"floor":6,"key":"Tiny Chest"},{"floor":8,"key":"Anchor"},{"floor":9,"key":"CeramicFish"},{"floor":12,"key":"Calipers"},{"floor":14,"key":"Toy Ornithopter"},{"floor":24,"key":"Centennial Puzzle"},{"floor":25,"key":"War Paint"},{"floor":26,"key":"DataDisk"},{"floor":28,"key":"Akabeko"},{"floor":30,"key":"Shovel"},{"floor":42,"key":"Kunai"},{"floor":43,"key":"Bottled Tornado"},{"floor":44,"key":"Whetstone"},{"floor":47,"key":"Potion Belt"},{"floor":48,"key":"Art of War"},{"floor":49,"key":"Happy Flower"}],"event_choices":[{"damage_healed":0,"gold_gain":0,"player_choice":"Box","damage_taken":0,"relics_obtained":["Omamori"],"max_hp_gain":0,"max_hp_loss":0,"event_name":"Big Fish","floor":3,"gold_loss":0,"cards_obtained":["Regret"]},{"cards_removed":["Regret"],"damage_healed":0,"gold_gain":0,"player_choice":"Forget","damage_taken":0,"max_hp_gain":0,"max_hp_loss":0,"event_name":"Living Wall","floor":4,"gold_loss":0},{"damage_healed":0,"gold_gain":0,"player_choice":"Upgraded","damage_taken":0,"max_hp_gain":0,"max_hp_loss":0,"event_name":"Upgrade Shrine","floor":10,"gold_loss":0,"cards_upgraded":["Dualcast"]},{"damage_healed":0,"gold_gain":0,"cards_transformed":["Strike_B"],"player_choice":"Transformed","damage_taken":0,"max_hp_gain":0,"max_hp_loss":0,"event_name":"Transmorgrifier","floor":19,"gold_loss":0,"cards_obtained":["Static Discharge"]},{"damage_healed":0,"gold_gain":0,"player_choice":"Forge","damage_taken":0,"max_hp_gain":0,"max_hp_loss":0,"event_name":"Accursed Blacksmith","floor":27,"gold_loss":0,"cards_upgraded":["Static Discharge"]}],"is_beta":false,"boss_relics":[{"not_picked":["Runic Pyramid","Busted Crown"],"picked":"SlaversCollar"},{"not_picked":["Runic Dome","Philosopher\u0027s Stone"],"picked":"Astrolabe"}],"items_purged_floors":[],"is_endless":false,"potions_floor_spawned":[5,6,12,14,16,24,28,30,33,35,38,41,48],"ascension_level":17}