{"gold_per_floor":[119,16,32,32,182,213,213,213,239,265,340,340,366,378,390,474,486,486,486,486,194,194,194,194,194,194,194,194,194,194,194,194,194,194,194,194,194,16,0,0,0,0,0,0,0,0,0,0,0,0],"floor_reached":50,"playtime":13171,"items_purged":["Doubt","Writhe"],"score":1189,"play_id":"b803e810-b769-4978-a6a3-3af9a27143e2","local_time":"20210505204913","is_ascension_mode":true,"campfire_choices":[{"data":"Zap","floor":7,"key":"SMITH"},{"floor":12,"key":"REST"},{"floor":15,"key":"REST"},{"data":"Capacitor","floor":23,"key":"SMITH"},{"data":"Thunder Strike","floor":25,"key":"SMITH"},{"data":"Bandage Up","floor":28,"key":"SMITH"},{"floor":32,"key":"REST"},{"floor":41,"key":"REST"},{"data":"Metamorphosis","floor":47,"key":"SMITH"},{"floor":49,"key":"REST"}],"neow_cost":"NONE","seed_source_timestamp":112848735779100,"circlet_count":0,"master_deck":["AscendersBane","Strike_B+1","Strike_B+1","Strike_B+1","Strike_B+1","Defend_B+1","Defend_B+1","Defend_B+1","Defend_B+1","Zap+1","Dualcast","FTL","Bandage Up+1","Conserve Battery","FTL","Core Surge","Capacitor+1","Electrodynamics+1","Compile Driver","Storm+1","Thunder Strike+1","Meteor Strike","Turbo","Creative AI+1","Leap","Buffer+1","White Noise","Fusion","Metamorphosis+1"],"relics":["FrozenCore","NeowsBlessing","Pocketwatch","Thread and Needle","Lantern","Symbiotic Virus","MawBank","Frozen Egg 2","Ectoplasm","Nilry\u0027s Codex","Blood Vial","Darkstone Periapt","Toy Ornithopter","Red Mask","Nunchaku","Meat on the Bone","Bag of Preparation","Vajra"],"potions_floor_usage":[10,30,30,31,42,46],"damage_taken":[{"damage":0,"enemies":"2 Louse","floor":1,"turns":1},{"damage":0,"enemies":"Jaw Worm","floor":3,"turns":1},{"damage":0,"enemies":"Lagavulin","floor":6,"turns":1},{"damage":28,"enemies":"3 Sentries","floor":10,"turns":10},{"damage":8,"enemies":"Lagavulin","floor":13,"turns":5},{"damage":19,"enemies":"Slime Boss","floor":16,"turns":8},{"damage":7,"enemies":"3 Byrds","floor":18,"turns":4},{"damage":0,"enemies":"Chosen","floor":24,"turns":3},{"damage":0,"enemies":"Gremlin Leader","floor":27,"turns":4},{"damage":36,"enemies":"Book of Stabbing","floor":30,"turns":5},{"damage":17,"enemies":"Centurion and Healer","floor":31,"turns":3},{"damage":23,"enemies":"Champ","floor":33,"turns":9},{"damage":16,"enemies":"3 Darklings","floor":35,"turns":4},{"damage":7,"enemies":"Orb Walker","floor":36,"turns":3},{"damage":46,"enemies":"Giant Head","floor":40,"turns":8},{"damage":0,"enemies":"Reptomancer","floor":42,"turns":2},{"damage":13,"enemies":"3 Darklings","floor":45,"turns":4},{"damage":25,"enemies":"Giant Head","floor":46,"turns":7},{"damage":78,"enemies":"Time Eater","floor":50,"turns":6}],"seed_played":"-2752114507237914322","potions_obtained":[{"floor":1,"key":"AttackPotion"},{"floor":10,"key":"SpeedPotion"},{"floor":18,"key":"SkillPotion"},{"floor":30,"key":"AttackPotion"},{"floor":33,"key":"SmokeBomb"},{"floor":35,"key":"Strength Potion"}],"is_trial":false,"path_per_floor":["M","$","M","?","?","E","R","?","T","E","?","R","E","T","R","B",null,"M","?","?","$","?","R","M","R","T","E","R","?","E","M","R","B",null,"M","M","?","$","?","E","R","E","T","?","M","E","R","?","R","B"],"character_chosen":"DEFECT","items_purchased":["Bandage Up","Storm+1","Thunder Strike","Fusion"],"campfire_rested":5,"item_purchase_floors":[2,21,21,38],"current_hp_per_floor":[64,64,64,43,43,47,47,42,42,18,7,28,24,24,45,30,61,58,58,37,37,37,37,37,37,37,43,43,43,15,5,26,11,56,48,43,63,63,63,25,48,61,61,61,56,44,44,44,67,0],"gold":0,"neow_bonus":"THREE_ENEMY_KILL","is_prod":false,"is_daily":false,"chose_seed":false,"campfire_upgraded":5,"win_rate":0,"timestamp":1620262153,"path_taken":["M","$","M","?","?","E","R","?","T","E","?","R","E","?","R","BOSS","M","?","?","$","?","R","?","R","T","E","R","?","E","M","R","BOSS","M","M","?","$","?","E","R","E","T","?","M","E","R","?","R","BOSS"],"build_version":"2020-12-22","purchased_purges":2,"victory":false,"max_hp_per_floor":[71,71,71,71,71,71,71,71,71,71,71,71,71,71,71,71,71,71,71,71,71,71,71,71,71,71,71,71,71,71,71,71,71,71,71,71,77,77,77,77,77,77,77,77,77,77,77,77,77,77],"card_choices":[{"not_picked":["Cold Snap","Scrape"],"picked":"FTL","floor":1},{"not_picked":["Sweeping Beam","Stack"],"picked":"Conserve Battery","floor":3},{"not_picked":["Beam Cell","Fission"],"picked":"FTL","floor":6},{"not_picked":["Storm","Blizzard"],"picked":"Core Surge","floor":10},{"not_picked":["Compile Driver","Double Energy"],"picked":"Capacitor","floor":13},{"not_picked":["Multi-Cast","Fission"],"picked":"Electrodynamics+1","floor":16},{"not_picked":["Rebound","Turbo"],"picked":"Compile Driver","floor":18},{"not_picked":["Coolheaded","Beam Cell","Go for the Eyes"],"picked":"SKIP","floor":24},{"not_picked":["Compile Driver+1","Glacier","Auto Shields"],"picked":"SKIP","floor":27},{"not_picked":["BootSequence","Cold Snap"],"picked":"Creative AI+1","floor":30},{"not_picked":["Static Discharge+1","Sweeping Beam"],"picked":"Leap","floor":31},{"not_picked":["Electrodynamics+1","Meteor Strike"],"picked":"Buffer+1","floor":33},{"not_picked":["Rebound","Conserve Battery","FTL"],"picked":"SKIP","floor":35},{"not_picked":["Rebound","Aggregate"],"picked":"White Noise","floor":36},{"not_picked":["Undo","Streamline","Ball Lightning"],"picked":"SKIP","floor":40},{"not_picked":["Blind","Apotheosis"],"picked":"Metamorphosis","floor":44},{"not_picked":["Go for the Eyes","Sunder+1","Conserve Battery"],"picked":"SKIP","floor":45},{"not_picked":["Double Energy","Steam","Rip and Tear"],"picked":"SKIP","floor":46}],"player_experience":1425487,"relics_obtained":[{"floor":6,"key":"Pocketwatch"},{"floor":9,"key":"Lantern"},{"floor":10,"key":"Symbiotic Virus"},{"floor":13,"key":"MawBank"},{"floor":14,"key":"Frozen Egg 2"},{"floor":20,"key":"Nilry\u0027s Codex"},{"floor":26,"key":"Blood Vial"},{"floor":27,"key":"Darkstone Periapt"},{"floor":30,"key":"Toy Ornithopter"},{"floor":40,"key":"Nunchaku"},{"floor":43,"key":"Meat on the Bone"},{"floor":46,"key":"Bag of Preparation"},{"floor":48,"key":"Vajra"}],"event_choices":[{"damage_healed":0,"gold_gain":0,"player_choice":"Entered Light","damage_taken":21,"max_hp_gain":0,"max_hp_loss":0,"event_name":"Shining Light","floor":4,"gold_loss":0,"cards_upgraded":["Defend_B","Defend_B"]},{"damage_healed":0,"gold_gain":150,"player_choice":"AGREE","damage_taken":0,"max_hp_gain":0,"max_hp_loss":0,"event_name":"Liars Game","floor":5,"gold_loss":0,"cards_obtained":["Doubt"]},{"damage_healed":0,"gold_gain":0,"player_choice":"Success","damage_taken":5,"relics_obtained":["Thread and Needle"],"max_hp_gain":0,"max_hp_loss":0,"event_name":"Scrap Ooze","floor":8,"gold_loss":0},{"damage_healed":0,"gold_gain":75,"player_choice":"Gather Gold","damage_taken":11,"max_hp_gain":0,"max_hp_loss":0,"event_name":"World of Goop","floor":11,"gold_loss":0},{"damage_healed":0,"gold_gain":0,"player_choice":"Simplicity","damage_taken":0,"max_hp_gain":0,"max_hp_loss":0,"event_name":"Back to Basics","floor":19,"gold_loss":0,"cards_upgraded":["Strike_B","Strike_B","Strike_B","Strike_B","Defend_B","Defend_B"]},{"damage_healed":0,"gold_gain":0,"player_choice":"Obtained Book","damage_taken":21,"max_hp_gain":0,"max_hp_loss":0,"event_name":"Cursed Tome","floor":20,"gold_loss":0},{"damage_healed":0,"gold_gain":0,"player_choice":"1 cards matched","damage_taken":0,"max_hp_gain":0,"max_hp_loss":0,"event_name":"Match and Keep!","floor":22,"gold_loss":0,"cards_obtained":["Meteor Strike"]},{"damage_healed":0,"gold_gain":0,"player_choice":"Read","damage_taken":0,"max_hp_gain":0,"max_hp_loss":0,"event_name":"The Library","floor":29,"gold_loss":0,"cards_obtained":["Turbo"]},{"damage_healed":14,"gold_gain":0,"player_choice":"Writhe","damage_taken":0,"max_hp_gain":0,"max_hp_loss":0,"event_name":"Winding Halls","floor":37,"gold_loss":0,"cards_obtained":["Writhe"]},{"damage_healed":0,"gold_gain":0,"player_choice":"Paid","damage_taken":0,"relics_obtained":["Red Mask"],"max_hp_gain":0,"max_hp_loss":0,"event_name":"Tomb of Lord Red Mask","floor":39,"gold_loss":16},{"damage_healed":0,"gold_gain":0,"player_choice":"Memory 1","damage_taken":0,"max_hp_gain":0,"max_hp_loss":0,"event_name":"SensoryStone","floor":44,"gold_loss":0},{"damage_healed":0,"gold_gain":0,"player_choice":"Relic","damage_taken":0,"max_hp_gain":0,"max_hp_loss":0,"event_name":"Wheel of Change","floor":48,"gold_loss":0}],"is_beta":false,"boss_relics":[{"not_picked":["Cursed Key","Snecko Eye"],"picked":"Ectoplasm"},{"not_picked":["Inserter","Empty Cage"],"picked":"FrozenCore"}],"items_purged_floors":[21,38],"is_endless":false,"potions_floor_spawned":[1,10,18,30,33,35,40,42],"killed_by":"Time Eater","ascension_level":18}