{"gold_per_floor":[110,110,110,185,205,205,480,510,510,17,50,50,103,134,134,228,228,239,79,96,96,46,46,60,60,60,97,134,188,188,243,243,342,342,380,432,432,34,50,50,50,50],"floor_reached":42,"playtime":1972,"items_purged":["Regret"],"score":976,"play_id":"04eb7967-c9f7-428b-ab9e-113b861e6c02","local_time":"20210506130704","is_ascension_mode":true,"campfire_choices":[{"floor":6,"key":"DIG"},{"floor":12,"key":"REST"},{"floor":15,"key":"DIG"},{"floor":23,"key":"DIG"},{"floor":25,"key":"DIG"},{"floor":30,"key":"DIG"},{"floor":32,"key":"DIG"},{"floor":40,"key":"DIG"},{"floor":41,"key":"DIG"}],"neow_cost":"CURSE","seed_source_timestamp":0,"circlet_count":0,"master_deck":["AscendersBane","Strike_B","Strike_B+1","Strike_B","Strike_B","Defend_B","Defend_B","Defend_B","Defend_B","Zap","Dualcast","Chill","Regret","Streamline+1","Seek","Self Repair+1","HandOfGreed","Machine Learning+1","Ball Lightning","Cold Snap","Fission+1","CurseOfTheBell","Recycle+1","Tempest+1","Leap+1","Loop+1","Coolheaded+1","Echo Form+1","Amplify+1","Compile Driver+1","Redo+1"],"special_seed":0,"relics":["Cracked Core","Shovel","Akabeko","TungstenRod","Mercury Hourglass","Frozen Egg 2","Lantern","Toxic Egg 2","Kunai","Calling Bell","PreservedInsect","Eternal Feather","Gambling Chip","HandDrill","Symbiotic Virus","Ancient Tea Set","StoneCalendar","Mummified Hand","InkBottle","Bag of Preparation","WingedGreaves","Inserter","Turnip","Strawberry","Nunchaku","HornCleat","Unceasing Top"],"potions_floor_usage":[13,13,16,16,39],"damage_taken":[{"damage":8,"enemies":"2 Louse","floor":1,"turns":3},{"damage":4,"enemies":"Small Slimes","floor":5,"turns":2},{"damage":34,"enemies":"3 Sentries","floor":8,"turns":9},{"damage":0,"enemies":"Cultist","floor":11,"turns":1},{"damage":5,"enemies":"Gremlin Nob","floor":13,"turns":3},{"damage":5,"enemies":"3 Louse","floor":14,"turns":2},{"damage":2,"enemies":"Slime Boss","floor":16,"turns":6},{"damage":7,"enemies":"Spheric Guardian","floor":18,"turns":4},{"damage":25,"enemies":"Shell Parasite","floor":20,"turns":4},{"damage":15,"enemies":"Snake Plant","floor":24,"turns":3},{"damage":2,"enemies":"Cultist and Chosen","floor":27,"turns":5},{"damage":0,"enemies":"Sentry and Sphere","floor":28,"turns":4},{"damage":6,"enemies":"3 Cultists","floor":29,"turns":6},{"damage":10,"enemies":"Gremlin Leader","floor":31,"turns":4},{"damage":51,"enemies":"Champ","floor":33,"turns":11},{"damage":3,"enemies":"3 Shapes","floor":35,"turns":4},{"damage":81,"enemies":"2 Orb Walkers","floor":36,"turns":6},{"damage":7,"enemies":"Orb Walker","floor":39,"turns":3},{"damage":91,"enemies":"Giant Head","floor":42,"turns":7}],"seed_played":"839895988262566608","potions_obtained":[{"floor":1,"key":"Regen Potion"},{"floor":8,"key":"SneckoOil"},{"floor":13,"key":"DuplicationPotion"},{"floor":14,"key":"BlessingOfTheForge"},{"floor":20,"key":"FairyPotion"},{"floor":27,"key":"EssenceOfSteel"}],"is_trial":false,"path_per_floor":["M","?","?","?","M","R","?","E","T","$","M","R","E","M","R","B",null,"M","$","M","T","?","R","M","R","T","M","M","M","R","E","R","B",null,"M","?","?","$","M","R","R","E"],"character_chosen":"DEFECT","items_purchased":["Self Repair+1","HandOfGreed","Lantern","HandDrill","Strawberry","Nunchaku","Redo+1"],"campfire_rested":1,"item_purchase_floors":[10,10,10,19,38,38,38],"current_hp_per_floor":[56,56,56,45,41,41,41,7,7,7,7,28,42,47,47,55,67,70,70,55,55,55,67,62,71,71,71,71,71,71,71,71,30,61,68,31,31,38,51,69,78,0],"gold":50,"neow_bonus":"ONE_RARE_RELIC","is_prod":false,"is_daily":false,"chose_seed":false,"campfire_upgraded":0,"win_rate":0,"timestamp":1620320824,"path_taken":["M","?","?","?","M","R","?","E","T","$","M","R","E","M","R","BOSS","M","$","M","?","?","R","M","R","T","M","M","?","R","E","R","BOSS","M","?","?","?","?","R","R","E"],"build_version":"2020-12-22","purchased_purges":1,"victory":false,"max_hp_per_floor":[71,71,71,71,71,71,71,71,71,71,71,71,71,71,71,71,71,71,71,71,71,71,71,71,71,71,71,71,71,71,71,71,71,71,71,71,71,78,78,78,78,78],"card_choices":[{"not_picked":["Go for the Eyes","Hologram"],"picked":"Chill","floor":1},{"not_picked":["Conserve Battery","Turbo"],"picked":"Streamline","floor":5},{"not_picked":["Stack","Compile Driver"],"picked":"Seek","floor":8},{"not_picked":["Fusion","Turbo"],"picked":"Machine Learning+1","floor":11},{"not_picked":["Coolheaded+1","Seek+1"],"picked":"Ball Lightning","floor":13},{"not_picked":["Hologram+1","Beam Cell"],"picked":"Cold Snap","floor":14},{"not_picked":["Creative AI+1","Amplify+1"],"picked":"Fission+1","floor":16},{"not_picked":["Compile Driver","Skim+1"],"picked":"Recycle+1","floor":18},{"not_picked":["Ball Lightning","Rip and Tear"],"picked":"Tempest+1","floor":20},{"not_picked":["Streamline","Rip and Tear"],"picked":"Leap+1","floor":24},{"not_picked":["Skim+1","Fission+1"],"picked":"Loop+1","floor":27},{"not_picked":["Sweeping Beam","Go for the Eyes"],"picked":"Coolheaded+1","floor":28},{"not_picked":["Steam+1","Turbo+1","Barrage"],"picked":"SKIP","floor":29},{"not_picked":["BootSequence+1","Auto Shields+1"],"picked":"Echo Form+1","floor":31},{"not_picked":["Multi-Cast+1","Machine Learning+1"],"picked":"Amplify+1","floor":33},{"not_picked":["Chill+1","Streamline","Turbo+1"],"picked":"SKIP","floor":35},{"not_picked":["Static Discharge+1","Coolheaded+1"],"picked":"Compile Driver+1","floor":36},{"not_picked":["Tempest+1","Go for the Eyes+1","Leap+1"],"picked":"SKIP","floor":39}],"player_experience":1442700,"relics_obtained":[{"floor":6,"key":"TungstenRod"},{"floor":8,"key":"Mercury Hourglass"},{"floor":9,"key":"Frozen Egg 2"},{"floor":13,"key":"Toxic Egg 2"},{"floor":15,"key":"Kunai"},{"floor":17,"key":"PreservedInsect"},{"floor":17,"key":"Eternal Feather"},{"floor":17,"key":"Gambling Chip"},{"floor":21,"key":"Symbiotic Virus"},{"floor":23,"key":"Ancient Tea Set"},{"floor":25,"key":"StoneCalendar"},{"floor":26,"key":"Mummified Hand"},{"floor":30,"key":"InkBottle"},{"floor":31,"key":"Bag of Preparation"},{"floor":32,"key":"WingedGreaves"},{"floor":36,"key":"Turnip"},{"floor":40,"key":"HornCleat"},{"floor":41,"key":"Unceasing Top"}],"event_choices":[{"damage_healed":0,"gold_gain":0,"player_choice":"Box","damage_taken":0,"relics_obtained":["Akabeko"],"max_hp_gain":0,"max_hp_loss":0,"event_name":"Big Fish","floor":2,"gold_loss":0,"cards_obtained":["Regret"]},{"cards_removed":["Pain"],"damage_healed":0,"gold_gain":0,"player_choice":"Forget","damage_taken":0,"max_hp_gain":0,"max_hp_loss":0,"event_name":"Living Wall","floor":3,"gold_loss":0},{"damage_healed":0,"gold_gain":75,"player_choice":"Gather Gold","damage_taken":11,"max_hp_gain":0,"max_hp_loss":0,"event_name":"World of Goop","floor":4,"gold_loss":0},{"damage_healed":0,"gold_gain":275,"player_choice":"Desecrate","damage_taken":0,"max_hp_gain":0,"max_hp_loss":0,"event_name":"Golden Shrine","floor":7,"gold_loss":0,"cards_obtained":["Regret"]},{"damage_healed":0,"gold_gain":0,"player_choice":"Upgraded Two","damage_taken":0,"max_hp_gain":0,"max_hp_loss":0,"event_name":"Designer","floor":22,"gold_loss":50,"cards_upgraded":["Streamline","Strike_B"]},{"damage_healed":0,"gold_gain":0,"player_choice":"Fight","damage_taken":0,"max_hp_gain":0,"max_hp_loss":0,"event_name":"Mysterious Sphere","floor":36,"gold_loss":0},{"damage_healed":0,"gold_gain":0,"player_choice":"Ignored","damage_taken":0,"max_hp_gain":0,"max_hp_loss":0,"event_name":"Tomb of Lord Red Mask","floor":37,"gold_loss":0}],"is_beta":false,"boss_relics":[{"not_picked":["Pandora\u0027s Box","SlaversCollar"],"picked":"Calling Bell"},{"not_picked":["FrozenCore","Sozu"],"picked":"Inserter"}],"items_purged_floors":[10],"is_endless":false,"potions_floor_spawned":[1,8,13,14,20,27,28,31],"killed_by":"Giant Head","ascension_level":18}