{"gold_per_floor":[113,113,113,388,47,47,77,77,77,109,127,137,172,183,183,261,261,281,281,300,300,319,319,334,334,334,42,68,97,11,27,27,102,102,112,127,127],"floor_reached":37,"playtime":1236,"items_purged":["Regret"],"score":916,"play_id":"a9a61199-192e-4733-b89b-c7f075b49af3","local_time":"20210507194914","is_ascension_mode":true,"campfire_choices":[{"data":"Redo","floor":6,"key":"SMITH"},{"data":"Zap","floor":8,"key":"SMITH"},{"floor":15,"key":"REST"},{"floor":23,"key":"REST"},{"floor":32,"key":"REST"}],"neow_cost":"NONE","seed_source_timestamp":25023982910800,"circlet_count":0,"master_deck":["AscendersBane","Strike_B","Strike_B","Strike_B","Strike_B","Defend_B","Defend_B","Defend_B","Defend_B","Zap+1","Dualcast","Defragment+1","Redo+1","Doom and Gloom","Sweeping Beam","Genetic Algorithm","Melter","Cold Snap","Stack","BootSequence","Creative AI","Coolheaded","Storm+1","Meteor Strike","Conserve Battery"],"relics":["Cracked Core","NeowsBlessing","Calipers","Membership Card","Eternal Feather","Lantern","Cables","Ice Cream","Inserter","Nilry\u0027s Codex","Nloth\u0027s Gift","Lizard Tail","Thread and Needle","HornCleat","MealTicket","Omamori","Runic Capacitor","Black Star"],"potions_floor_usage":[13,16,22,29,33],"damage_taken":[{"damage":0,"enemies":"2 Louse","floor":1,"turns":1},{"damage":0,"enemies":"Gremlin Nob","floor":7,"turns":1},{"damage":0,"enemies":"Lagavulin","floor":10,"turns":1},{"damage":0,"enemies":"Cultist","floor":11,"turns":3},{"damage":0,"enemies":"Small Slimes","floor":12,"turns":2},{"damage":55,"enemies":"Gremlin Nob","floor":13,"turns":5},{"damage":4,"enemies":"Exordium Thugs","floor":14,"turns":3},{"damage":12,"enemies":"The Guardian","floor":16,"turns":7},{"damage":10,"enemies":"Chosen","floor":18,"turns":5},{"damage":0,"enemies":"Spheric Guardian","floor":20,"turns":3},{"damage":27,"enemies":"Snake Plant","floor":22,"turns":7},{"damage":11,"enemies":"Snecko","floor":24,"turns":7},{"damage":22,"enemies":"Book of Stabbing","floor":29,"turns":5},{"damage":5,"enemies":"Sentry and Sphere","floor":31,"turns":4},{"damage":15,"enemies":"Champ","floor":33,"turns":9},{"damage":57,"enemies":"3 Darklings","floor":35,"turns":6},{"damage":8,"enemies":"Orb Walker","floor":36,"turns":4},{"damage":68,"enemies":"Transient","floor":37,"turns":4}],"seed_played":"377334545308044210","potions_obtained":[{"floor":1,"key":"BlessingOfTheForge"},{"floor":12,"key":"FocusPotion"},{"floor":14,"key":"SteroidPotion"},{"floor":18,"key":"EssenceOfSteel"},{"floor":24,"key":"PotionOfCapacity"},{"floor":31,"key":"EssenceOfSteel"},{"floor":35,"key":"Strength Potion"}],"is_trial":false,"path_per_floor":["M","?","?","?","$","R","E","R","T","E","M","M","E","M","R","B",null,"M","?","M","?","M","R","M","?","T","$","T","E","$","M","R","B",null,"M","M","M"],"character_chosen":"DEFECT","items_purchased":["Membership Card","Redo","Potion Belt","Doom and Gloom","Thread and Needle","HornCleat","Runic Capacitor"],"campfire_rested":3,"item_purchase_floors":[5,5,5,5,27,27,30],"current_hp_per_floor":[64,64,53,53,53,53,53,62,62,62,62,62,7,3,36,24,59,49,28,28,28,1,34,23,23,23,23,23,1,16,11,44,29,61,4,35,0],"gold":127,"neow_bonus":"THREE_ENEMY_KILL","is_prod":false,"is_daily":false,"chose_seed":false,"campfire_upgraded":2,"win_rate":0,"timestamp":1620431354,"path_taken":["M","?","?","?","$","R","E","R","T","E","M","M","E","?","R","BOSS","M","?","M","?","?","R","M","?","T","$","?","E","$","?","R","BOSS","M","M","M"],"build_version":"2020-12-22","purchased_purges":1,"victory":false,"max_hp_per_floor":[71,71,71,71,71,71,71,71,71,71,71,71,71,71,71,71,71,71,71,71,71,71,71,71,71,71,71,71,71,71,71,71,71,71,71,71,71],"card_choices":[{"not_picked":["Sunder","Rebound"],"picked":"Defragment","floor":1},{"not_picked":["Rebound","Skim"],"picked":"Sweeping Beam","floor":7},{"not_picked":["Redo","Force Field"],"picked":"Genetic Algorithm","floor":10},{"not_picked":["Compile Driver","Turbo"],"picked":"Melter","floor":11},{"not_picked":["Conserve Battery","Turbo"],"picked":"Cold Snap","floor":12},{"not_picked":["Go for the Eyes","Gash"],"picked":"Stack","floor":13},{"not_picked":["Static Discharge","Leap"],"picked":"BootSequence","floor":14},{"not_picked":["Machine Learning","Hyperbeam"],"picked":"Creative AI","floor":16},{"not_picked":["Compile Driver","Cold Snap"],"picked":"Coolheaded","floor":18},{"not_picked":["Cold Snap","Undo","Rip and Tear+1"],"picked":"SKIP","floor":20},{"not_picked":["Ball Lightning","Steam","Genetic Algorithm"],"picked":"SKIP","floor":22},{"not_picked":["Darkness","Creative AI"],"picked":"Storm+1","floor":24},{"not_picked":["Compile Driver","Core Surge","All For One"],"picked":"SKIP","floor":29},{"not_picked":["Tempest","Reinforced Body","Rebound"],"picked":"SKIP","floor":31},{"not_picked":["All For One","Buffer"],"picked":"Meteor Strike","floor":33},{"not_picked":["Scrape+1","Go for the Eyes","Steam"],"picked":"SKIP","floor":35},{"not_picked":["Ball Lightning","Streamline"],"picked":"Conserve Battery","floor":36}],"player_experience":1450533,"relics_obtained":[{"floor":7,"key":"Eternal Feather"},{"floor":9,"key":"Lantern"},{"floor":10,"key":"Cables"},{"floor":13,"key":"Ice Cream"},{"floor":19,"key":"Nilry\u0027s Codex"},{"floor":26,"key":"Lizard Tail"},{"floor":28,"key":"MealTicket"},{"floor":29,"key":"Omamori"}],"event_choices":[{"damage_healed":0,"gold_gain":0,"player_choice":"Grow","damage_taken":0,"max_hp_gain":0,"max_hp_loss":0,"event_name":"Living Wall","floor":2,"gold_loss":0,"cards_upgraded":["Defragment"]},{"damage_healed":0,"gold_gain":0,"player_choice":"Success","damage_taken":11,"relics_obtained":["Calipers"],"max_hp_gain":0,"max_hp_loss":0,"event_name":"Scrap Ooze","floor":3,"gold_loss":0},{"damage_healed":0,"gold_gain":275,"player_choice":"Desecrate","damage_taken":0,"max_hp_gain":0,"max_hp_loss":0,"event_name":"Golden Shrine","floor":4,"gold_loss":0,"cards_obtained":["Regret"]},{"damage_healed":0,"gold_gain":0,"player_choice":"Obtained Book","damage_taken":21,"max_hp_gain":0,"max_hp_loss":0,"event_name":"Cursed Tome","floor":19,"gold_loss":0},{"damage_healed":0,"gold_gain":0,"player_choice":"Traded Relic","damage_taken":0,"relics_obtained":["Nloth\u0027s Gift"],"max_hp_gain":0,"max_hp_loss":0,"event_name":"N\u0027loth","floor":21,"relics_lost":["Potion Belt"],"gold_loss":0},{"damage_healed":0,"gold_gain":0,"player_choice":"Ignored","damage_taken":0,"max_hp_gain":0,"max_hp_loss":0,"event_name":"Vampires","floor":25,"gold_loss":0}],"is_beta":false,"boss_relics":[{"not_picked":["Fusion Hammer","Snecko Eye"],"picked":"Inserter"},{"not_picked":["Pandora\u0027s Box","Busted Crown"],"picked":"Black Star"}],"items_purged_floors":[5],"is_endless":false,"potions_floor_spawned":[1,12,14,18,24,31,35],"killed_by":"Transient","ascension_level":18}