{"gold_per_floor":[115,71,221,221,245,275,275,291,291,111,143,207,289,301,301,301],"floor_reached":16,"playtime":509,"items_purged":["Doubt"],"score":201,"play_id":"f247b667-9a73-4c2b-a425-399cd775cc8e","local_time":"20210521212127","is_ascension_mode":true,"campfire_choices":[{"data":"Zap","floor":7,"key":"SMITH"},{"floor":15,"key":"DIG"}],"neow_cost":"CURSE","seed_source_timestamp":109048680285900,"circlet_count":0,"master_deck":["AscendersBane","Strike_B","Strike_B","Strike_B","Strike_B","Defend_B","Defend_B","Defend_B","Defend_B","Zap+1","Dualcast","Injury","All For One","Chill","Scrape","FTL","Gash","Madness","Melter","Reprogram","Beam Cell"],"relics":["Cracked Core","Tiny Chest","White Beast Statue","Sundial","Anchor","Shovel","Cables","Potion Belt"],"potions_floor_usage":[8,16,16],"damage_taken":[{"damage":14,"enemies":"2 Louse","floor":1,"turns":3},{"damage":43,"enemies":"3 Sentries","floor":6,"turns":11},{"damage":8,"enemies":"Small Slimes","floor":8,"turns":4},{"damage":6,"enemies":"Lagavulin","floor":11,"turns":7},{"damage":11,"enemies":"Gremlin Nob","floor":12,"turns":3},{"damage":0,"enemies":"Jaw Worm","floor":14,"turns":2},{"damage":13,"enemies":"Hexaghost","floor":16,"turns":7}],"seed_played":"-5999486765792476160","potions_obtained":[{"floor":8,"key":"Fruit Juice"},{"floor":11,"key":"Explosive Potion"},{"floor":12,"key":"Fire Potion"}],"is_trial":false,"path_per_floor":["M","$","?","?","T","E","R","M","T","$","E","?","T","M","R","B"],"character_chosen":"DEFECT","items_purchased":["Scrape","Madness"],"campfire_rested":0,"item_purchase_floors":[2,10],"current_hp_per_floor":[50,50,50,71,71,28,28,25,25,25,19,8,8,8,8,0],"gold":301,"neow_bonus":"THREE_RARE_CARDS","is_prod":false,"is_daily":false,"chose_seed":false,"campfire_upgraded":1,"win_rate":0,"timestamp":1621646487,"path_taken":["M","$","?","?","?","E","R","?","T","$","E","?","?","M","R","BOSS"],"build_version":"2020-12-22","purchased_purges":1,"victory":false,"max_hp_per_floor":[71,71,71,71,71,71,71,76,76,76,76,76,76,76,76,76],"card_choices":[{"not_picked":["Machine Learning","Rainbow"],"picked":"All For One","floor":0},{"not_picked":["Barrage","Turbo"],"picked":"Chill","floor":1},{"not_picked":["Capacitor","Aggregate"],"picked":"FTL","floor":6},{"not_picked":["Lockon","Streamline"],"picked":"Gash","floor":8},{"not_picked":["Scrape","Redo"],"picked":"Melter","floor":11},{"not_picked":["Compile Driver","Redo"],"picked":"Reprogram","floor":12},{"not_picked":["Hologram","Loop"],"picked":"Beam Cell","floor":14}],"player_experience":1465298,"relics_obtained":[{"floor":5,"key":"Tiny Chest"},{"floor":6,"key":"White Beast Statue"},{"floor":9,"key":"Sundial"},{"floor":11,"key":"Anchor"},{"floor":12,"key":"Shovel"},{"floor":13,"key":"Cables"},{"floor":15,"key":"Potion Belt"}],"event_choices":[{"damage_healed":0,"gold_gain":150,"player_choice":"AGREE","damage_taken":0,"max_hp_gain":0,"max_hp_loss":0,"event_name":"Liars Game","floor":3,"gold_loss":0,"cards_obtained":["Doubt"]},{"damage_healed":23,"gold_gain":0,"player_choice":"Banana","damage_taken":0,"max_hp_gain":0,"max_hp_loss":0,"event_name":"Big Fish","floor":4,"gold_loss":0},{"damage_healed":0,"gold_gain":0,"player_choice":"Searched \u00271\u0027 times","damage_taken":0,"max_hp_gain":0,"max_hp_loss":0,"event_name":"Dead Adventurer","floor":12,"gold_loss":0}],"is_beta":false,"boss_relics":[],"items_purged_floors":[10],"is_endless":false,"potions_floor_spawned":[8,11,12,14],"killed_by":"Hexaghost","ascension_level":18}