{"gold_per_floor":[118,118,17,17,33,77,77,115,115,115,130,149,185,110,110,203,203,217,240,24,24,43,43,43],"floor_reached":24,"playtime":690,"items_purged":["Injury"],"score":454,"play_id":"fcce8dae-c979-4568-a930-ac0ea3e70cb9","local_time":"20210602194612","is_ascension_mode":true,"campfire_choices":[{"data":"Zap","floor":7.0,"key":"SMITH"},{"floor":10.0,"key":"REST"},{"floor":15.0,"key":"REST"},{"floor":23,"key":"REST"}],"neow_cost":"NONE","seed_source_timestamp":0,"circlet_count":0,"master_deck":["AscendersBane","Strike_B","Strike_B","Strike_B","Strike_B","Defend_B","Defend_B","Defend_B","Defend_B","Zap+1","Dualcast","Lockon","Capacitor","Sweeping Beam","Beam Cell","Static Discharge","Cold Snap","Melter","Chill","Redo","Biased Cognition","Blizzard","Defragment+1","Coolheaded"],"special_seed":0,"relics":["Cracked Core","NeowsBlessing","Golden Idol","NlothsMask","Pocketwatch","DataDisk","StrikeDummy","Black Star","PreservedInsect"],"potions_floor_usage":[18,22,24],"damage_taken":[{"damage":0.0,"enemies":"2 Louse","floor":1.0,"turns":1.0},{"damage":0.0,"enemies":"Jaw Worm","floor":5.0,"turns":1.0},{"damage":0.0,"enemies":"Gremlin Nob","floor":6.0,"turns":1.0},{"damage":30.0,"enemies":"3 Sentries","floor":8.0,"turns":5.0},{"damage":0.0,"enemies":"Cultist","floor":11.0,"turns":2.0},{"damage":9.0,"enemies":"Red Slaver","floor":12.0,"turns":3.0},{"damage":12.0,"enemies":"Lagavulin","floor":13.0,"turns":5.0},{"damage":15.0,"enemies":"Slime Boss","floor":16.0,"turns":7.0},{"damage":18,"enemies":"3 Byrds","floor":18,"turns":4},{"damage":16,"enemies":"2 Thieves","floor":19,"turns":4},{"damage":16,"enemies":"Snake Plant","floor":22,"turns":5},{"damage":37,"enemies":"Slavers","floor":24,"turns":2}],"seed_played":"4616785123901431655","potions_obtained":[{"floor":1.0,"key":"Energy Potion"},{"floor":8.0,"key":"Fire Potion"},{"floor":13.0,"key":"FocusPotion"},{"floor":16.0,"key":"AttackPotion"},{"floor":18,"key":"SneckoOil"},{"floor":22,"key":"AttackPotion"}],"is_trial":false,"path_per_floor":["M","?","$","?","M","E","R","E","T","R","M","M","E","$","R","B",null,"M","M","$","?","M","R","E"],"character_chosen":"DEFECT","items_purchased":["Capacitor","Sweeping Beam","PreservedInsect","Coolheaded"],"campfire_rested":3,"item_purchase_floors":[3,3,20,20],"current_hp_per_floor":[64,64,64,64,64,64,64,34,34,55,55,46,34,34,55,40,63,45,29,29,29,13,34,0],"gold":43,"neow_bonus":"THREE_ENEMY_KILL","is_prod":false,"is_daily":false,"chose_seed":false,"campfire_upgraded":1,"win_rate":0,"timestamp":1622677572,"path_taken":["M","?","$","?","M","E","R","E","T","R","M","M","E","$","R","BOSS","M","?","?","?","M","R","E"],"build_version":"2020-12-22","purchased_purges":1,"victory":false,"max_hp_per_floor":[71,71,71,71,71,71,71,71,71,71,71,71,71,71,71,71,71,71,71,71,71,71,71,71],"card_choices":[{"not_picked":["Force Field","Double Energy"],"picked":"Lockon","floor":1.0},{"not_picked":["Heatsinks","BootSequence"],"picked":"Beam Cell","floor":5.0},{"not_picked":["Steam Power","Stack"],"picked":"Static Discharge","floor":6.0},{"not_picked":["Auto Shields","Steam Power"],"picked":"Cold Snap","floor":8.0},{"not_picked":["Double Energy","Self Repair"],"picked":"Melter","floor":11.0},{"not_picked":["Turbo","Skim"],"picked":"Chill","floor":12.0},{"not_picked":["Steam","Go for the Eyes"],"picked":"Redo","floor":13.0},{"not_picked":["Reboot","Machine Learning"],"picked":"Biased Cognition","floor":16.0},{"not_picked":["Streamline","Rebound"],"picked":"Blizzard","floor":18},{"not_picked":["Beam Cell","Ball Lightning"],"picked":"Defragment+1","floor":19},{"not_picked":["Genetic Algorithm","Stack","Ball Lightning"],"picked":"SKIP","floor":22}],"player_experience":1465956,"relics_obtained":[{"floor":6.0,"key":"Pocketwatch"},{"floor":8.0,"key":"DataDisk"},{"floor":13.0,"key":"StrikeDummy"}],"event_choices":[{"damage_healed":0.0,"max_hp_gain":0.0,"max_hp_loss":0.0,"gold_gain":0.0,"event_name":"Golden Idol","player_choice":"Take Wound","floor":2.0,"gold_loss":0.0,"damage_taken":0.0,"relics_obtained":["Golden Idol"],"cards_obtained":["Injury"]},{"damage_healed":0.0,"max_hp_gain":0.0,"max_hp_loss":0.0,"gold_gain":0.0,"event_name":"FaceTrader","player_choice":"Trade","floor":4.0,"gold_loss":0.0,"damage_taken":0.0,"relics_obtained":["NlothsMask"]},{"damage_healed":0,"gold_gain":0,"player_choice":"Ignored","damage_taken":0,"max_hp_gain":0,"max_hp_loss":0,"event_name":"Cursed Tome","floor":21,"gold_loss":0}],"is_beta":false,"boss_relics":[{"not_picked":["Runic Pyramid","Snecko Eye"],"picked":"Black Star"}],"items_purged_floors":[14],"is_endless":false,"potions_floor_spawned":[1,8,13,16,18,22],"killed_by":"Slavers","ascension_level":18}