{"gold_per_floor":[113,87,87,87,105,105,136,155,155,155,155,173,173,198,198,274,274,291,120,150,168,184,184],"floor_reached":23,"playtime":835,"items_purged":[],"score":426,"play_id":"deee7239-cfb1-4c8d-a5d8-848ecc3447c3","local_time":"20210627113415","is_ascension_mode":true,"campfire_choices":[{"data":"Zap","floor":6,"key":"SMITH"},{"data":"Hologram","floor":10,"key":"SMITH"},{"data":"Dualcast","floor":13,"key":"SMITH"},{"floor":15,"key":"REST"}],"neow_cost":"NONE","seed_source_timestamp":299393197277300,"circlet_count":0,"master_deck":["AscendersBane","Strike_B","Strike_B","Strike_B","Defend_B","Defend_B","Defend_B+1","Defend_B","Zap+1","Dualcast+1","Gash+1","Rebound","Electrodynamics","Coolheaded","Leap","Hologram+1","Go for the Eyes+1","All For One+1","Compile Driver+1","Fusion","Turbo+1","Defragment"],"relics":["Cracked Core","NeowsBlessing","Matryoshka","Molten Egg 2","Kunai","Juzu Bracelet","Runic Pyramid","Regal Pillow","Red Mask"],"potions_floor_usage":[14,18,20,22,23],"damage_taken":[{"damage":0,"enemies":"2 Louse","floor":1,"turns":1},{"damage":0,"enemies":"Jaw Worm","floor":5,"turns":1},{"damage":0,"enemies":"Gremlin Nob","floor":7,"turns":1},{"damage":0,"enemies":"Small Slimes","floor":8,"turns":2},{"damage":1,"enemies":"Blue Slaver","floor":12,"turns":5},{"damage":6,"enemies":"Lagavulin","floor":14,"turns":7},{"damage":52,"enemies":"Slime Boss","floor":16,"turns":11},{"damage":11,"enemies":"3 Byrds","floor":18,"turns":4},{"damage":25,"enemies":"Masked Bandits","floor":20,"turns":4},{"damage":5,"enemies":"Spheric Guardian","floor":21,"turns":4},{"damage":1,"enemies":"Centurion and Healer","floor":22,"turns":5},{"damage":24,"enemies":"Slavers","floor":23,"turns":2}],"seed_played":"-4677473882348265678","potions_obtained":[{"floor":8,"key":"Block Potion"},{"floor":12,"key":"Swift Potion"},{"floor":14,"key":"EssenceOfSteel"},{"floor":16,"key":"LiquidMemories"},{"floor":20,"key":"Dexterity Potion"},{"floor":21,"key":"Energy Potion"}],"is_trial":false,"path_per_floor":["M","$","?","?","M","R","E","M","T","R","?","M","R","E","R","B",null,"M","$","?","M","M","E"],"character_chosen":"DEFECT","items_purchased":["Rebound","Regal Pillow"],"campfire_rested":1,"item_purchase_floors":[2,19],"current_hp_per_floor":[64,64,43,43,43,43,43,43,43,43,48,47,47,41,63,11,60,49,49,24,19,18,0],"gold":184,"neow_bonus":"THREE_ENEMY_KILL","is_prod":false,"is_daily":false,"chose_seed":false,"campfire_upgraded":3,"win_rate":0,"timestamp":1624808055,"path_taken":["M","$","?","?","M","R","E","M","T","R","?","M","R","E","R","BOSS","M","$","?","M","M","E"],"build_version":"2020-12-22","purchased_purges":0,"victory":false,"max_hp_per_floor":[71,71,71,71,71,71,71,71,71,71,76,76,76,76,76,76,76,76,76,76,76,76,76],"card_choices":[{"not_picked":["Conserve Battery","Ball Lightning"],"picked":"Gash","floor":1},{"not_picked":["Turbo","Reprogram"],"picked":"Coolheaded","floor":5},{"not_picked":["Cold Snap","Streamline"],"picked":"Leap","floor":7},{"not_picked":["Streamline","Compile Driver"],"picked":"Hologram","floor":8},{"not_picked":["Genetic Algorithm","Doom and Gloom+1"],"picked":"Go for the Eyes+1","floor":12},{"not_picked":["Steam Power","Electrodynamics","Sweeping Beam+1"],"picked":"SKIP","floor":14},{"not_picked":["Buffer","Meteor Strike+1"],"picked":"All For One+1","floor":16},{"not_picked":["Stack","Conserve Battery"],"picked":"Compile Driver+1","floor":18},{"not_picked":["Reprogram+1","Glacier"],"picked":"Fusion","floor":20},{"not_picked":["Reinforced Body","Barrage+1"],"picked":"Turbo+1","floor":21},{"not_picked":["FTL+1","Hello World"],"picked":"Defragment","floor":22}],"player_experience":1472224,"relics_obtained":[{"floor":7,"key":"Matryoshka"},{"floor":9,"key":"Molten Egg 2"},{"floor":9,"key":"Kunai"},{"floor":14,"key":"Juzu Bracelet"},{"floor":20,"key":"Red Mask"}],"event_choices":[{"damage_healed":0,"gold_gain":0,"player_choice":"Entered Light","damage_taken":21,"max_hp_gain":0,"max_hp_loss":0,"event_name":"Shining Light","floor":3,"gold_loss":0,"cards_upgraded":["Defend_B","Gash"]},{"damage_healed":0,"gold_gain":0,"cards_transformed":["Strike_B"],"player_choice":"Change","damage_taken":0,"max_hp_gain":0,"max_hp_loss":0,"event_name":"Living Wall","floor":4,"gold_loss":0,"cards_obtained":["Electrodynamics"]},{"damage_healed":0,"gold_gain":0,"player_choice":"Donut","damage_taken":0,"max_hp_gain":5,"max_hp_loss":0,"event_name":"Big Fish","floor":11,"gold_loss":0},{"damage_healed":0,"gold_gain":0,"player_choice":"Fought Bandits","damage_taken":0,"max_hp_gain":0,"max_hp_loss":0,"event_name":"Masked Bandits","floor":20,"gold_loss":0}],"is_beta":false,"boss_relics":[{"not_picked":["Runic Dome","Coffee Dripper"],"picked":"Runic Pyramid"}],"items_purged_floors":[],"is_endless":false,"potions_floor_spawned":[8,12,14,16,20,21],"killed_by":"Slavers","ascension_level":18}