{"gold_per_floor":[114,130,130,130,130,130,3,3,3,46,62,62,77,110,110,231,231,255,5,5,5,5,5,5,46,73,73,73,96,129,152,152,271,271,287,306,639,651,651,685,685,711,711,724,724,390,415,465,465,465,465,465,218,256,256],"floor_reached":55,"playtime":2148,"items_purged":[],"score":836,"play_id":"a52a5d64-cc86-41e4-b791-10cf1f3b7f03","local_time":"20210625201355","is_ascension_mode":true,"campfire_choices":[{"data":"Streamline","floor":6.0,"key":"SMITH"},{"floor":8.0,"key":"REST"},{"data":"Redo","floor":15.0,"key":"SMITH"},{"data":"Apotheosis","floor":23.0,"key":"SMITH"},{"floor":27.0,"key":"RECALL"},{"data":"Gash","floor":32.0,"key":"SMITH"},{"floor":41,"key":"REST"},{"data":"Seek","floor":45,"key":"SMITH"},{"floor":49,"key":"REST"},{"data":"Panache","floor":52,"key":"SMITH"}],"neow_cost":"NONE","seed_source_timestamp":154889120215100,"circlet_count":0,"master_deck":["Strike_B+1","Defend_B+1","Defend_B","Defend_B+1","Zap","Dualcast","Gash+1","Streamline+1","FTL","Redo+1","Beam Cell","Steam+1","Undo","Core Surge","All For One","Amplify+1","Hologram+1","Conserve Battery+1","Rebound","Apotheosis+1","Flash of Steel","Seek+1","CurseOfTheBell","Hologram","Reprogram","All For One","Panache+1","Go for the Eyes+1"],"special_seed":0,"relics":["Cracked Core","Regal Pillow","Toy Ornithopter","Kunai","Bag of Preparation","Pocketwatch","Astrolabe","MutagenicStrength","Matryoshka","Vajra","DataDisk","War Paint","Calling Bell","Art of War","Mummified Hand","TungstenRod","CeramicFish","Shuriken","Meat on the Bone","Orichalcum","Juzu Bracelet","Bird Faced Urn","Nunchaku","Akabeko"],"potions_floor_usage":[42,54,55,55],"damage_taken":[{"damage":10.0,"enemies":"Jaw Worm","floor":1.0,"turns":4.0},{"damage":5.0,"enemies":"Small Slimes","floor":2.0,"turns":3.0},{"damage":18.0,"enemies":"Gremlin Nob","floor":10.0,"turns":5.0},{"damage":0.0,"enemies":"2 Louse","floor":11.0,"turns":2.0},{"damage":0.0,"enemies":"Large Slime","floor":13.0,"turns":3.0},{"damage":3.0,"enemies":"3 Sentries","floor":14.0,"turns":7.0},{"damage":5.0,"enemies":"Slime Boss","floor":16.0,"turns":8.0},{"damage":0.0,"enemies":"Spheric Guardian","floor":18.0,"turns":3.0},{"damage":10.0,"enemies":"Gremlin Leader","floor":25.0,"turns":6.0},{"damage":3.0,"enemies":"3 Byrds","floor":29.0,"turns":4.0},{"damage":1.0,"enemies":"Book of Stabbing","floor":30.0,"turns":4.0},{"damage":0.0,"enemies":"Centurion and Healer","floor":31.0,"turns":4.0},{"damage":3.0,"enemies":"Collector","floor":33.0,"turns":6.0},{"damage":0,"enemies":"Orb Walker","floor":35,"turns":3},{"damage":0,"enemies":"3 Darklings","floor":36,"turns":5},{"damage":6,"enemies":"4 Shapes","floor":38,"turns":3},{"damage":11,"enemies":"Giant Head","floor":40,"turns":7},{"damage":8,"enemies":"Reptomancer","floor":42,"turns":5},{"damage":0,"enemies":"Transient","floor":44,"turns":5},{"damage":0,"enemies":"Nemesis","floor":47,"turns":3},{"damage":6,"enemies":"Mind Bloom Boss Battle","floor":48,"turns":3},{"damage":28,"enemies":"Awakened One","floor":50,"turns":8},{"damage":57,"enemies":"Shield and Spear","floor":54,"turns":8},{"damage":44,"enemies":"The Heart","floor":55,"turns":3}],"seed_played":"4302236024636439224","potions_obtained":[{"floor":2.0,"key":"Block Potion"},{"floor":11.0,"key":"SkillPotion"},{"floor":18.0,"key":"Dexterity Potion"},{"floor":31.0,"key":"BlessingOfTheForge"},{"floor":38,"key":"FocusPotion"},{"floor":42,"key":"Block Potion"}],"is_trial":false,"path_per_floor":["M","M","?","?","?","R","$","R","T","E","M","?","M","E","R","B",null,"M","$","?","?","?","R","?","E","T","R","$","M","E","M","R","B",null,"M","M","?","M","?","E","R","E","T","M","R","$","E","?","R","B",null,"R","$","E","B"],"character_chosen":"DEFECT","items_purchased":["FTL","Redo","Apotheosis","Flash of Steel","Panache","Orichalcum","Nunchaku","CultistPotion"],"campfire_rested":3,"item_purchase_floors":[7,7,19,19,46,46,53,53],"current_hp_per_floor":[65,60,48,48,33,33,33,70,70,57,57,57,57,54,54,49,75,75,75,75,75,75,75,75,65,65,65,65,62,61,61,61,58,75,75,75,75,69,69,58,75,67,67,67,67,67,67,61,75,51,75,75,75,30,0],"gold":256,"neow_bonus":"RANDOM_COMMON_RELIC","is_prod":false,"is_daily":false,"chose_seed":false,"campfire_upgraded":6,"win_rate":0,"timestamp":1624666435,"path_taken":["M","M","?","?","?","R","?","R","T","E","M","?","M","E","R","BOSS","M","$","?","?","?","R","?","E","T","R","$","?","E","M","R","BOSS","M","M","?","M","?","E","R","E","T","M","R","$","E","?","R","BOSS","R","$","E","BOSS"],"build_version":"2020-12-22","purchased_purges":0,"victory":false,"max_hp_per_floor":[75,75,75,75,75,75,75,75,75,75,75,75,75,75,75,75,75,75,75,75,75,75,75,75,75,75,75,75,75,75,75,75,75,75,75,75,75,75,75,75,75,75,75,75,75,75,75,75,75,75,75,75,75,75,75],"card_choices":[{"not_picked":["Cold Snap","Tempest"],"picked":"Gash","floor":1.0},{"not_picked":["Loop","Compile Driver"],"picked":"Streamline","floor":2.0},{"not_picked":["Force Field","Turbo"],"picked":"Beam Cell","floor":10.0},{"not_picked":["Barrage","Redo"],"picked":"Steam","floor":11.0},{"not_picked":["Blizzard","Cold Snap"],"picked":"Undo","floor":13.0},{"not_picked":["Streamline","White Noise"],"picked":"Core Surge","floor":14.0},{"not_picked":["Thunder Strike","Multi-Cast"],"picked":"All For One","floor":16.0},{"not_picked":["Turbo+1","Streamline"],"picked":"Rebound","floor":18.0},{"not_picked":["Undo+1","Compile Driver","Beam Cell"],"picked":"SKIP","floor":25.0},{"not_picked":["Doom and Gloom","Undo+1","Fusion"],"picked":"SKIP","floor":29.0},{"not_picked":["Beam Cell+1","Recycle","Darkness"],"picked":"SKIP","floor":30.0},{"not_picked":["Cold Snap","Coolheaded","Rip and Tear"],"picked":"SKIP","floor":31.0},{"not_picked":["Electrodynamics","Reboot"],"picked":"Seek","floor":33.0},{"not_picked":["Redo+1","Rebound"],"picked":"Hologram","floor":35},{"not_picked":["Beam Cell","Blizzard+1"],"picked":"Reprogram","floor":36},{"not_picked":["Auto Shields","Hologram"],"picked":"All For One","floor":38},{"not_picked":["Rebound+1","Barrage+1","Undo+1"],"picked":"SKIP","floor":40},{"not_picked":["Barrage","Leap","Creative AI"],"picked":"SKIP","floor":42},{"not_picked":["Rebound","Reinforced Body","Turbo"],"picked":"SKIP","floor":44},{"not_picked":["Melter+1","Hologram","Doom and Gloom"],"picked":"SKIP","floor":47},{"not_picked":["Barrage","All For One"],"picked":"Go for the Eyes+1","floor":54}],"player_experience":1466646,"relics_obtained":[{"floor":9.0,"key":"Kunai"},{"floor":10.0,"key":"Bag of Preparation"},{"floor":14.0,"key":"Pocketwatch"},{"floor":25.0,"key":"Matryoshka"},{"floor":26.0,"key":"Vajra"},{"floor":26.0,"key":"DataDisk"},{"floor":30.0,"key":"War Paint"},{"floor":34,"key":"Art of War"},{"floor":34,"key":"Mummified Hand"},{"floor":34,"key":"TungstenRod"},{"floor":40,"key":"CeramicFish"},{"floor":42,"key":"Shuriken"},{"floor":43,"key":"Meat on the Bone"},{"floor":47,"key":"Juzu Bracelet"},{"floor":48,"key":"Bird Faced Urn"},{"floor":54,"key":"Akabeko"}],"event_choices":[{"damage_healed":0.0,"max_hp_gain":0.0,"max_hp_loss":0.0,"gold_gain":0.0,"event_name":"Scrap Ooze","player_choice":"Success","floor":3.0,"gold_loss":0.0,"damage_taken":12.0,"relics_obtained":["Toy Ornithopter"]},{"damage_healed":0.0,"max_hp_gain":0.0,"max_hp_loss":0.0,"gold_gain":0.0,"event_name":"Golden Idol","player_choice":"Take Wound","floor":4.0,"gold_loss":0.0,"damage_taken":0.0,"relics_obtained":["Golden Idol"],"cards_obtained":["Injury"]},{"damage_healed":0.0,"max_hp_gain":0.0,"max_hp_loss":0.0,"gold_gain":0.0,"event_name":"Shining Light","player_choice":"Entered Light","floor":5.0,"gold_loss":0.0,"damage_taken":15.0,"cards_upgraded":["Strike_B","Defend_B"]},{"cards_removed":["Injury"],"damage_healed":0.0,"max_hp_gain":0.0,"max_hp_loss":0.0,"gold_gain":0.0,"event_name":"Living Wall","player_choice":"Forget","floor":12.0,"gold_loss":0.0,"damage_taken":0.0},{"cards_removed":["Strike_B"],"damage_healed":0.0,"max_hp_gain":0.0,"max_hp_loss":0.0,"gold_gain":0.0,"event_name":"Back to Basics","player_choice":"Elegance","floor":20.0,"gold_loss":0.0,"damage_taken":0.0},{"damage_healed":0.0,"max_hp_gain":0.0,"max_hp_loss":0.0,"gold_gain":0.0,"event_name":"Vampires","player_choice":"Ignored","floor":21.0,"gold_loss":0.0,"damage_taken":0.0},{"damage_healed":0.0,"max_hp_gain":0.0,"max_hp_loss":0.0,"gold_gain":0.0,"event_name":"Ghosts","player_choice":"Ignored","floor":22.0,"gold_loss":0.0,"damage_taken":0.0},{"damage_healed":0.0,"max_hp_gain":0.0,"max_hp_loss":0.0,"gold_gain":0.0,"event_name":"Drug Dealer","player_choice":"Inject Mutagens","floor":24.0,"gold_loss":0.0,"damage_taken":0.0,"relics_obtained":["MutagenicStrength"]},{"damage_healed":0,"gold_gain":333,"player_choice":"Gave Idol","damage_taken":0,"max_hp_gain":0,"max_hp_loss":0,"event_name":"The Moai Head","floor":37,"relics_lost":["Golden Idol"],"gold_loss":0},{"damage_healed":0,"gold_gain":0,"player_choice":"Memory 1","damage_taken":0,"max_hp_gain":0,"max_hp_loss":0,"event_name":"SensoryStone","floor":39,"gold_loss":0},{"damage_healed":0,"gold_gain":0,"player_choice":"Fight","damage_taken":0,"max_hp_gain":0,"max_hp_loss":0,"event_name":"MindBloom","floor":48,"gold_loss":0}],"is_beta":false,"boss_relics":[{"not_picked":["Snecko Eye","Nuclear Battery"],"picked":"Astrolabe"},{"not_picked":["Coffee Dripper","Runic Pyramid"],"picked":"Calling Bell"}],"items_purged_floors":[],"is_endless":false,"potions_floor_spawned":[2,11,18,31,38,40,42,48],"killed_by":"The Heart","ascension_level":1}