{"gold_per_floor":[117,117,117,117,193,233,233,269,322,353,372,372,372,372,372,465,465,484,115,115,127,158,170,263,275,287,299,311],"floor_reached":28,"playtime":608,"items_purged":[],"score":566,"play_id":"7777be1d-623d-4fad-bc49-4a6996344e8f","local_time":"20210627162840","is_ascension_mode":true,"campfire_choices":[{"data":"Streamline","floor":7,"key":"SMITH"},{"data":"Zap","floor":12,"key":"SMITH"},{"data":"Ball Lightning","floor":15,"key":"SMITH"},{"data":"HandOfGreed","floor":23,"key":"SMITH"},{"floor":27,"key":"REST"}],"neow_cost":"NONE","seed_source_timestamp":317285567233800,"circlet_count":0,"master_deck":["AscendersBane","Strike_B+1","Strike_B","Strike_B+1","Defend_B","Defend_B","Defend_B","Defend_B","Zap+1","Dualcast","Ball Lightning+1","Streamline+1","Self Repair+1","White Noise","Gash","All For One","Go for the Eyes","HandOfGreed+1","Shame","Fission"],"relics":["Cracked Core","NeowsBlessing","Gremlin Horn","Golden Idol","Letter Opener","Frozen Egg 2","Boot","Centennial Puzzle","Anchor","Bag of Preparation","Empty Cage","Whetstone","MawBank","Pocketwatch"],"potions_floor_usage":[16,24],"damage_taken":[{"damage":0,"enemies":"2 Louse","floor":1,"turns":1},{"damage":0,"enemies":"3 Sentries","floor":6,"turns":1},{"damage":0,"enemies":"Lagavulin","floor":8,"turns":1},{"damage":29,"enemies":"3 Sentries","floor":10,"turns":6},{"damage":5,"enemies":"Small Slimes","floor":11,"turns":2},{"damage":10,"enemies":"Hexaghost","floor":16,"turns":7},{"damage":0,"enemies":"Chosen","floor":18,"turns":3},{"damage":11,"enemies":"Spheric Guardian","floor":22,"turns":3},{"damage":54,"enemies":"Slavers","floor":24,"turns":6},{"damage":34,"enemies":"Snake Plant","floor":28,"turns":3}],"seed_played":"2032601160745960485","potions_obtained":[{"floor":1,"key":"CultistPotion"},{"floor":6,"key":"FocusPotion"},{"floor":16,"key":"FearPotion"},{"floor":24,"key":"EssenceOfDarkness"},{"floor":25,"key":"PowerPotion"}],"is_trial":false,"path_per_floor":["M","?","?","?","T","E","R","E","T","E","M","R","?","?","R","B",null,"M","$","?","?","M","R","E","?","T","R","M"],"character_chosen":"DEFECT","items_purchased":["HandOfGreed","Whetstone"],"campfire_rested":1,"item_purchase_floors":[19,19],"current_hp_per_floor":[64,64,64,38,38,38,38,38,38,19,24,24,17,17,17,17,58,68,68,68,68,57,57,13,13,13,34,0],"gold":311,"neow_bonus":"THREE_ENEMY_KILL","is_prod":false,"is_daily":false,"chose_seed":false,"campfire_upgraded":4,"win_rate":0,"timestamp":1624825720,"path_taken":["M","?","?","?","?","E","R","E","T","E","?","R","?","?","R","BOSS","M","$","?","?","M","R","E","?","T","R","M"],"build_version":"2020-12-22","purchased_purges":0,"victory":false,"max_hp_per_floor":[71,71,71,71,71,71,71,71,71,71,71,71,71,71,71,71,71,71,71,71,71,71,71,71,71,71,71,71],"card_choices":[{"not_picked":["Blizzard","Aggregate"],"picked":"Ball Lightning","floor":1},{"not_picked":["Scrape","Consume"],"picked":"Streamline","floor":6},{"not_picked":["Melter","Glacier"],"picked":"Self Repair+1","floor":8},{"not_picked":["Steam","Go for the Eyes"],"picked":"White Noise","floor":10},{"not_picked":["Go for the Eyes","Barrage"],"picked":"Gash","floor":11},{"not_picked":["Reboot","Thunder Strike"],"picked":"All For One","floor":16},{"not_picked":["Reinforced Body","Double Energy"],"picked":"Go for the Eyes","floor":18},{"not_picked":["Steam Power","Recycle","Hologram"],"picked":"SKIP","floor":22},{"not_picked":["Barrage","Sweeping Beam+1"],"picked":"Fission","floor":24}],"player_experience":1476305,"relics_obtained":[{"floor":5,"key":"Frozen Egg 2"},{"floor":6,"key":"Boot"},{"floor":8,"key":"Centennial Puzzle"},{"floor":9,"key":"Anchor"},{"floor":10,"key":"Bag of Preparation"},{"floor":24,"key":"Pocketwatch"}],"event_choices":[{"damage_healed":0,"gold_gain":0,"player_choice":"Box","damage_taken":0,"relics_obtained":["Gremlin Horn"],"max_hp_gain":0,"max_hp_loss":0,"event_name":"Big Fish","floor":2,"gold_loss":0,"cards_obtained":["Regret"]},{"damage_healed":0,"gold_gain":0,"player_choice":"Take Wound","damage_taken":0,"relics_obtained":["Golden Idol"],"max_hp_gain":0,"max_hp_loss":0,"event_name":"Golden Idol","floor":3,"gold_loss":0,"cards_obtained":["Injury"]},{"damage_healed":0,"gold_gain":0,"player_choice":"Success","damage_taken":26,"relics_obtained":["Letter Opener"],"max_hp_gain":0,"max_hp_loss":0,"event_name":"Scrap Ooze","floor":4,"gold_loss":0},{"cards_removed":["Regret"],"damage_healed":0,"gold_gain":0,"player_choice":"Card Removal","damage_taken":7,"max_hp_gain":0,"max_hp_loss":0,"event_name":"Golden Wing","floor":13,"gold_loss":0},{"damage_healed":0,"gold_gain":0,"player_choice":"Ignored","damage_taken":0,"max_hp_gain":0,"max_hp_loss":0,"event_name":"Shining Light","floor":14,"gold_loss":0},{"damage_healed":0,"gold_gain":0,"player_choice":"Stole Relic","damage_taken":0,"relics_obtained":["MawBank"],"max_hp_gain":0,"max_hp_loss":0,"event_name":"Addict","floor":20,"gold_loss":0,"cards_obtained":["Shame"]},{"damage_healed":0,"gold_gain":0,"player_choice":"Ignored","damage_taken":0,"max_hp_gain":0,"max_hp_loss":0,"event_name":"Ghosts","floor":21,"gold_loss":0},{"damage_healed":0,"gold_gain":0,"player_choice":"Got Potions","damage_taken":0,"max_hp_gain":0,"max_hp_loss":0,"event_name":"Lab","floor":25,"gold_loss":0}],"is_beta":false,"boss_relics":[{"not_picked":["Philosopher\u0027s Stone","Inserter"],"picked":"Empty Cage"}],"items_purged_floors":[],"is_endless":false,"potions_floor_spawned":[1,6,16,24],"killed_by":"Snake Plant","ascension_level":18}