{"gold_per_floor":[115,125,125,42,42,72,222,222,248,248,261,186,216,55,55,55],"floor_reached":16,"playtime":348,"items_purged":[],"score":249,"play_id":"4b34f623-2d40-420e-87e0-e26fc56db7f0","local_time":"20210701114015","is_ascension_mode":true,"campfire_choices":[{"data":"Zap","floor":8,"key":"SMITH"},{"floor":10,"key":"RECALL"},{"floor":15,"key":"REST"}],"neow_cost":"NONE","seed_source_timestamp":645840287943500,"circlet_count":0,"master_deck":["AscendersBane","Strike_B","Strike_B","Strike_B","Defend_B","Defend_B","Defend_B","Defend_B","Zap+1","Dualcast","Self Repair","FTL","FTL","Steam Power","Melter","Beam Cell"],"relics":["Cracked Core","NeowsBlessing","Akabeko","Juzu Bracelet","Smiling Mask","Vajra","Sling"],"potions_floor_usage":[13,16],"damage_taken":[{"damage":0,"enemies":"Cultist","floor":1,"turns":1},{"damage":0,"enemies":"2 Louse","floor":2,"turns":1},{"damage":0,"enemies":"Lagavulin","floor":6,"turns":1},{"damage":7,"enemies":"Small Slimes","floor":11,"turns":3},{"damage":24,"enemies":"Gremlin Nob","floor":13,"turns":4},{"damage":56,"enemies":"The Guardian","floor":16,"turns":13}],"seed_played":"1957104199662611190","potions_obtained":[{"floor":1,"key":"GamblersBrew"},{"floor":6,"key":"AttackPotion"}],"is_trial":false,"path_per_floor":["M","M","?","$","?","E","?","R","T","R","M","?","E","$","R","B"],"character_chosen":"DEFECT","items_purchased":["FTL","Sling"],"campfire_rested":1,"item_purchase_floors":[4,14],"current_hp_per_floor":[64,64,46,46,46,46,46,46,46,46,46,46,29,29,50,0],"gold":55,"neow_bonus":"THREE_ENEMY_KILL","is_prod":false,"is_daily":false,"chose_seed":false,"campfire_upgraded":1,"win_rate":0,"timestamp":1625154015,"path_taken":["M","?","?","$","?","E","?","R","T","R","M","?","E","?","R","BOSS"],"build_version":"2020-12-22","purchased_purges":0,"victory":false,"max_hp_per_floor":[71,71,71,71,71,71,71,71,71,71,71,71,71,71,71,71],"card_choices":[{"not_picked":["Cold Snap","Consume"],"picked":"Self Repair","floor":1},{"not_picked":["Beam Cell","Hello World"],"picked":"FTL","floor":2},{"not_picked":["Stack","Streamline"],"picked":"Melter","floor":6},{"not_picked":["Self Repair","Steam","Blizzard"],"picked":"SKIP","floor":11},{"not_picked":["Chaos","Go for the Eyes"],"picked":"Beam Cell","floor":13}],"player_experience":1478067,"relics_obtained":[{"floor":6,"key":"Juzu Bracelet"},{"floor":9,"key":"Smiling Mask"},{"floor":13,"key":"Vajra"}],"event_choices":[{"damage_healed":0,"gold_gain":0,"player_choice":"Success","damage_taken":18,"relics_obtained":["Akabeko"],"max_hp_gain":0,"max_hp_loss":0,"event_name":"Scrap Ooze","floor":3,"gold_loss":0},{"damage_healed":0,"gold_gain":0,"cards_transformed":["Strike_B"],"player_choice":"Change","damage_taken":0,"max_hp_gain":0,"max_hp_loss":0,"event_name":"Living Wall","floor":5,"gold_loss":0,"cards_obtained":["Steam Power"]},{"damage_healed":0,"gold_gain":150,"player_choice":"AGREE","damage_taken":0,"max_hp_gain":0,"max_hp_loss":0,"event_name":"Liars Game","floor":7,"gold_loss":0,"cards_obtained":["Doubt"]},{"cards_removed":["Doubt"],"damage_healed":0,"gold_gain":0,"player_choice":"Card Removal","damage_taken":0,"max_hp_gain":0,"max_hp_loss":0,"event_name":"The Cleric","floor":12,"gold_loss":75}],"is_beta":false,"boss_relics":[],"items_purged_floors":[],"is_endless":false,"potions_floor_spawned":[1,6,11],"killed_by":"The Guardian","ascension_level":18}