{"gold_per_floor":[10,10,10,10,29,56,56,88,88,88,102,131,149,163,163,236,236,248,87,137,213,223,223,223,223],"floor_reached":25,"playtime":711,"items_purged":[],"score":416,"play_id":"4f7c7e21-4363-4d21-80df-defae8d3080a","local_time":"20210722011826","is_ascension_mode":true,"campfire_choices":[{"data":"Lockon","floor":7,"key":"SMITH"},{"data":"Zap","floor":10,"key":"SMITH"},{"data":"Hologram","floor":15,"key":"SMITH"},{"floor":23,"key":"REST"}],"neow_cost":"NO_GOLD","seed_source_timestamp":236698004208600,"circlet_count":0,"master_deck":["AscendersBane","Strike_B","Strike_B","Defend_B","Defend_B","Defend_B","Zap+1","Dualcast","Chill","BootSequence","Lockon+1","All For One","Conserve Battery","Seek","Go for the Eyes","Hologram+1","Capacitor","Gash"],"relics":["Cracked Core","Pear","Tiny Chest","Pen Nib","StrikeDummy","Fusion Hammer","Strawberry","Darkstone Periapt","Ornamental Fan"],"potions_floor_usage":[6,6,6,8,12],"damage_taken":[{"damage":0,"enemies":"Cultist","floor":1,"turns":4},{"damage":1,"enemies":"Small Slimes","floor":5,"turns":3},{"damage":7,"enemies":"Gremlin Nob","floor":6,"turns":3},{"damage":12,"enemies":"Lagavulin","floor":8,"turns":6},{"damage":0,"enemies":"Jaw Worm","floor":11,"turns":2},{"damage":7,"enemies":"Gremlin Nob","floor":12,"turns":3},{"damage":0,"enemies":"Blue Slaver","floor":13,"turns":2},{"damage":0,"enemies":"Looter","floor":14,"turns":2},{"damage":14,"enemies":"The Guardian","floor":16,"turns":10},{"damage":5,"enemies":"Chosen","floor":18,"turns":4},{"damage":17,"enemies":"Spheric Guardian","floor":22,"turns":4},{"damage":83,"enemies":"Gremlin Leader","floor":25,"turns":6}],"seed_played":"4009754541288892616","potions_obtained":[{"floor":1,"key":"Fire Potion"},{"floor":5,"key":"EntropicBrew"},{"floor":11,"key":"PowerPotion"},{"floor":18,"key":"Ancient Potion"}],"is_trial":false,"path_per_floor":["M","?","$","$","M","E","R","E","T","R","M","E","M","M","R","B",null,"M","$","?","T","M","R","T","E"],"character_chosen":"DEFECT","items_purchased":["Strawberry"],"campfire_rested":1,"item_purchase_floors":[19],"current_hp_per_floor":[64,64,64,64,63,66,66,54,54,54,54,47,47,47,47,33,69,64,71,71,71,54,80,80,0],"gold":223,"neow_bonus":"TRANSFORM_TWO_CARDS","is_prod":false,"is_daily":false,"chose_seed":false,"campfire_upgraded":3,"win_rate":0,"timestamp":1626931106,"path_taken":["M","?","?","$","M","E","R","E","T","R","M","E","M","?","R","BOSS","M","$","?","?","M","R","?","E"],"build_version":"2020-12-22","purchased_purges":0,"victory":false,"max_hp_per_floor":[71,71,71,71,71,81,81,81,81,81,81,81,81,81,81,81,81,81,88,88,88,88,88,88,88],"card_choices":[{"not_picked":["Rip and Tear","Aggregate"],"picked":"Lockon","floor":1},{"not_picked":["Rebound","Streamline"],"picked":"Conserve Battery","floor":5},{"not_picked":["Rebound","Compile Driver"],"picked":"Seek","floor":6},{"not_picked":["BootSequence","Scrape"],"picked":"Go for the Eyes","floor":8},{"not_picked":["Turbo","Go for the Eyes","Genetic Algorithm"],"picked":"SKIP","floor":11},{"not_picked":["Compile Driver","Steam","Heatsinks"],"picked":"SKIP","floor":12},{"not_picked":["Double Energy","Darkness"],"picked":"Hologram","floor":13},{"not_picked":["Chill","Hologram"],"picked":"Capacitor","floor":14},{"not_picked":["Force Field+1","Rebound+1"],"picked":"Gash","floor":18},{"not_picked":["White Noise","Stack","Reprogram"],"picked":"SKIP","floor":22}],"player_experience":1510709,"relics_obtained":[{"floor":6,"key":"Pear"},{"floor":8,"key":"Tiny Chest"},{"floor":9,"key":"Pen Nib"},{"floor":12,"key":"StrikeDummy"},{"floor":21,"key":"Darkstone Periapt"},{"floor":24,"key":"Ornamental Fan"}],"event_choices":[{"damage_healed":0,"gold_gain":0,"cards_transformed":["Strike_B"],"player_choice":"Transformed","damage_taken":0,"max_hp_gain":0,"max_hp_loss":0,"event_name":"Transmorgrifier","floor":2,"gold_loss":0,"cards_obtained":["All For One"]},{"damage_healed":0,"gold_gain":50,"player_choice":"Stole From Cult","damage_taken":0,"max_hp_gain":0,"max_hp_loss":0,"event_name":"Nest","floor":20,"gold_loss":0}],"is_beta":false,"boss_relics":[{"not_picked":["Cursed Key","Runic Pyramid"],"picked":"Fusion Hammer"}],"items_purged_floors":[],"is_endless":false,"potions_floor_spawned":[1,5,11,18],"killed_by":"Gremlin Leader","ascension_level":18}