{"gold_per_floor":[17,17,32,32,44,44,74,349,349,349,24,36,36,46,46,118,118,137,137,151,151,131,131],"floor_reached":23,"playtime":779,"items_purged":["Regret"],"score":359,"play_id":"606739bb-0804-4aeb-a4a7-c240bdef4884","local_time":"20210722004724","is_ascension_mode":true,"campfire_choices":[{"data":"Chaos","floor":6,"key":"SMITH"},{"data":"Multi-Cast","floor":10,"key":"SMITH"},{"data":"Redo","floor":15,"key":"SMITH"}],"neow_cost":"NO_GOLD","seed_source_timestamp":234767683227100,"circlet_count":0,"master_deck":["AscendersBane","Strike_B","Strike_B","Defend_B","Defend_B","Zap","Dualcast","Chaos+1","Multi-Cast+1","Conserve Battery","Rip and Tear","Coolheaded","Self Repair","Redo+1","Biased Cognition","Loop","Stack"],"relics":["Cracked Core","Pantograph","MealTicket","Nuclear Battery"],"potions_floor_usage":[16,16,18,23,23],"damage_taken":[{"damage":7,"enemies":"Small Slimes","floor":1,"turns":3},{"damage":10,"enemies":"Cultist","floor":3,"turns":5},{"damage":6,"enemies":"2 Louse","floor":5,"turns":3},{"damage":25,"enemies":"3 Sentries","floor":7,"turns":7},{"damage":5,"enemies":"Lots of Slimes","floor":12,"turns":6},{"damage":4,"enemies":"Looter","floor":14,"turns":4},{"damage":15,"enemies":"Hexaghost","floor":16,"turns":9},{"damage":15,"enemies":"Shell Parasite","floor":18,"turns":3},{"damage":22,"enemies":"Chosen","floor":20,"turns":4},{"damage":68,"enemies":"Slavers","floor":23,"turns":6}],"seed_played":"-6675350991860799804","potions_obtained":[{"floor":5,"key":"Strength Potion"},{"floor":7,"key":"BlessingOfTheForge"},{"floor":16,"key":"Fire Potion"},{"floor":18,"key":"Fire Potion"},{"floor":22,"key":"ColorlessPotion"}],"is_trial":false,"path_per_floor":["M","?","M","$","M","R","E","?","T","R","$","M","?","M","R","B",null,"M","?","M","$","?","E"],"character_chosen":"DEFECT","items_purchased":["MealTicket","Self Repair"],"campfire_rested":0,"item_purchase_floors":[11,11],"current_hp_per_floor":[57,57,47,47,41,41,16,16,16,16,16,18,23,19,19,36,66,58,58,43,58,58,0],"gold":131,"neow_bonus":"REMOVE_TWO","is_prod":false,"is_daily":false,"chose_seed":false,"campfire_upgraded":3,"win_rate":0,"timestamp":1626929244,"path_taken":["M","?","?","?","M","R","E","?","T","R","$","?","?","M","R","BOSS","M","?","?","$","?","E"],"build_version":"2020-12-22","purchased_purges":1,"victory":false,"max_hp_per_floor":[71,71,71,71,71,71,71,71,71,71,71,71,76,76,76,76,76,76,76,76,76,76,76],"card_choices":[{"not_picked":["Compile Driver","Rebound"],"picked":"Chaos","floor":1},{"not_picked":["Skim","Streamline"],"picked":"Conserve Battery","floor":3},{"not_picked":["Heatsinks","Leap"],"picked":"Rip and Tear","floor":5},{"not_picked":["Force Field","Streamline"],"picked":"Coolheaded","floor":7},{"not_picked":["Beam Cell","Barrage","Tempest"],"picked":"SKIP","floor":12},{"not_picked":["Undo","Force Field"],"picked":"Redo","floor":14},{"not_picked":["Multi-Cast","Buffer"],"picked":"Biased Cognition","floor":16},{"not_picked":["Consume","Streamline"],"picked":"Loop","floor":18},{"not_picked":["Streamline","Recycle"],"picked":"Stack","floor":20}],"player_experience":1508811,"relics_obtained":[{"floor":7,"key":"Pantograph"}],"event_choices":[{"damage_healed":0,"gold_gain":0,"cards_transformed":["Strike_B"],"player_choice":"Transformed","damage_taken":0,"max_hp_gain":0,"max_hp_loss":0,"event_name":"Transmorgrifier","floor":2,"gold_loss":0,"cards_obtained":["Multi-Cast"]},{"damage_healed":0,"gold_gain":275,"player_choice":"Desecrate","damage_taken":0,"max_hp_gain":0,"max_hp_loss":0,"event_name":"Golden Shrine","floor":8,"gold_loss":0,"cards_obtained":["Regret"]},{"damage_healed":0,"gold_gain":0,"player_choice":"Donut","damage_taken":0,"max_hp_gain":5,"max_hp_loss":0,"event_name":"Big Fish","floor":13,"gold_loss":0},{"cards_removed":["Defend_B"],"damage_healed":0,"gold_gain":0,"player_choice":"Offered Basic","damage_taken":0,"max_hp_gain":0,"max_hp_loss":0,"event_name":"Bonfire Elementals","floor":19,"gold_loss":0},{"damage_healed":0,"gold_gain":0,"player_choice":"Bought 1 Potion","damage_taken":0,"max_hp_gain":0,"max_hp_loss":0,"event_name":"The Woman in Blue","floor":22,"gold_loss":0}],"is_beta":false,"boss_relics":[{"not_picked":["Runic Dome","SlaversCollar"],"picked":"Nuclear Battery"}],"items_purged_floors":[11],"is_endless":false,"potions_floor_spawned":[5,7,14,16,18],"killed_by":"Slavers","ascension_level":18}