{"gold_per_floor":[362,362,382,395,69,94,106,134,184,17,17,17,44,55,55,127,127,140,140,151,168,168],"floor_reached":22,"playtime":6972,"items_purged":["Pain"],"score":391,"play_id":"ee1089cb-ac34-43cf-b7b7-f3d36a1e2c29","local_time":"20210729210617","is_ascension_mode":true,"campfire_choices":[{"floor":12,"key":"REST"},{"floor":15,"key":"REST"}],"neow_cost":"CURSE","seed_source_timestamp":351090449491900,"circlet_count":0,"master_deck":["AscendersBane","Strike_B","Strike_B","Strike_B","Defend_B","Defend_B","Defend_B","Defend_B","Zap","Dualcast","Parasite","Chaos","Leap","Sweeping Beam","Lockon","Capacitor","Defragment+1","Reprogram","Glacier","Capacitor+1","Amplify","Consume","Compile Driver+1","Redo"],"relics":["Cracked Core","WarpedTongs","Bronze Scales","PreservedInsect","Frozen Egg 2","Regal Pillow","HandDrill","Nunchaku","SlaversCollar","Potion Belt"],"potions_floor_usage":[6,16,22],"damage_taken":[{"damage":0,"enemies":"2 Louse","floor":1,"turns":2},{"damage":2,"enemies":"Cultist","floor":3,"turns":3},{"damage":2,"enemies":"Jaw Worm","floor":4,"turns":4},{"damage":25,"enemies":"Lagavulin","floor":6,"turns":7},{"damage":3,"enemies":"Looter","floor":7,"turns":3},{"damage":8,"enemies":"Gremlin Nob","floor":8,"turns":3},{"damage":15,"enemies":"3 Sentries","floor":13,"turns":5},{"damage":9,"enemies":"3 Louse","floor":14,"turns":3},{"damage":29,"enemies":"Slime Boss","floor":16,"turns":9},{"damage":7,"enemies":"Spheric Guardian","floor":18,"turns":6},{"damage":23,"enemies":"Chosen","floor":20,"turns":7},{"damage":18,"enemies":"Sentry and Sphere","floor":21,"turns":6},{"damage":21,"enemies":"Snake Plant","floor":22,"turns":2}],"seed_played":"-3665722642219547627","potions_obtained":[{"floor":3,"key":"FocusPotion"},{"floor":4,"key":"Strength Potion"},{"floor":13,"key":"LiquidMemories"},{"floor":14,"key":"PowerPotion"},{"floor":21,"key":"Dexterity Potion"}],"is_trial":false,"path_per_floor":["M","?","M","M","$","E","M","E","T","$","?","R","E","M","R","B",null,"M","?","M","M","M"],"character_chosen":"DEFECT","items_purchased":["Bronze Scales","Lockon","HandDrill"],"campfire_rested":2,"item_purchase_floors":[5,5,10],"current_hp_per_floor":[64,64,62,60,60,35,32,24,24,24,24,60,45,36,71,42,64,57,57,34,16,0],"gold":168,"neow_bonus":"TWO_FIFTY_GOLD","is_prod":false,"is_daily":false,"chose_seed":false,"campfire_upgraded":0,"win_rate":0,"timestamp":1627607177,"path_taken":["M","?","?","M","$","E","M","E","T","$","?","R","E","?","R","BOSS","M","?","M","M","?"],"build_version":"2020-12-22","purchased_purges":1,"victory":false,"max_hp_per_floor":[71,71,71,71,71,71,71,71,71,71,71,71,71,71,71,71,71,71,71,71,71,71],"card_choices":[{"not_picked":["Force Field","Steam"],"picked":"Chaos","floor":1},{"not_picked":["Compile Driver","Heatsinks"],"picked":"Leap","floor":3},{"not_picked":["Auto Shields","Conserve Battery"],"picked":"Sweeping Beam","floor":4},{"not_picked":["Chaos","Leap"],"picked":"Capacitor","floor":6},{"not_picked":["Conserve Battery","Gash","Go for the Eyes"],"picked":"SKIP","floor":7},{"not_picked":["Steam Power","Rip and Tear"],"picked":"Defragment+1","floor":8},{"not_picked":["Leap","Reprogram"],"picked":"Glacier","floor":13},{"not_picked":["Go for the Eyes","Compile Driver"],"picked":"Capacitor+1","floor":14},{"not_picked":["Thunder Strike","Creative AI+1"],"picked":"Amplify","floor":16},{"not_picked":["Tempest","Turbo"],"picked":"Consume","floor":18},{"not_picked":["Double Energy","Recycle"],"picked":"Compile Driver+1","floor":20},{"not_picked":["Go for the Eyes","Stack"],"picked":"Redo","floor":21}],"player_experience":1534902,"relics_obtained":[{"floor":6,"key":"PreservedInsect"},{"floor":8,"key":"Frozen Egg 2"},{"floor":9,"key":"Regal Pillow"},{"floor":13,"key":"Nunchaku"},{"floor":19,"key":"Potion Belt"}],"event_choices":[{"damage_healed":0,"gold_gain":0,"player_choice":"Rummage","damage_taken":0,"relics_obtained":["WarpedTongs"],"max_hp_gain":0,"max_hp_loss":0,"event_name":"Accursed Blacksmith","floor":2,"gold_loss":0,"cards_obtained":["Pain"]},{"damage_healed":0,"gold_gain":0,"cards_transformed":["Strike_B"],"player_choice":"Transformed","damage_taken":0,"max_hp_gain":0,"max_hp_loss":0,"event_name":"Transmorgrifier","floor":11,"gold_loss":0,"cards_obtained":["Reprogram"]},{"damage_healed":0,"gold_gain":0,"player_choice":"Relic","damage_taken":0,"max_hp_gain":0,"max_hp_loss":0,"event_name":"Wheel of Change","floor":19,"gold_loss":0}],"is_beta":false,"boss_relics":[{"not_picked":["Inserter","Runic Pyramid"],"picked":"SlaversCollar"}],"items_purged_floors":[5],"is_endless":false,"potions_floor_spawned":[3,4,13,14,21],"killed_by":"Snake Plant","ascension_level":18}