{"gold_per_floor":[114,189,189,207,56,56,75,75,75,18,40,51,69,69],"floor_reached":14,"playtime":302,"items_purged":["Pain"],"score":156,"play_id":"45f5ef55-8126-4fcc-86b9-addb13346c18","local_time":"20210818165001","is_ascension_mode":true,"campfire_choices":[{"data":"Loop","floor":6,"key":"SMITH"},{"data":"Chaos","floor":8,"key":"SMITH"}],"neow_cost":"CURSE","seed_source_timestamp":258297381583800,"circlet_count":0,"master_deck":["AscendersBane","Strike_B","Strike_B","Strike_B","Strike_B","Defend_B","Defend_B","Defend_B","Defend_B","Zap","Dualcast","Writhe","Ball Lightning","Skim","Loop+1","Chaos+1","Leap","Compile Driver","Redo"],"relics":["Cracked Core","WarpedTongs","StrikeDummy","Odd Mushroom"],"potions_floor_usage":[12,13,14],"damage_taken":[{"damage":7,"enemies":"Jaw Worm","floor":1,"turns":4},{"damage":17,"enemies":"Small Slimes","floor":4,"turns":4},{"damage":1,"enemies":"Cultist","floor":7,"turns":3},{"damage":29,"enemies":"The Mushroom Lair","floor":11,"turns":3},{"damage":11,"enemies":"Gremlin Gang","floor":12,"turns":3},{"damage":4,"enemies":"Red Slaver","floor":13,"turns":3},{"damage":11,"enemies":"3 Sentries","floor":14,"turns":2}],"seed_played":"3048865239376557804","potions_obtained":[{"floor":7,"key":"PowerPotion"},{"floor":12,"key":"Regen Potion"},{"floor":13,"key":"Swift Potion"}],"is_trial":false,"path_per_floor":["M","?","?","M","$","R","M","R","T","$","?","M","M","E"],"character_chosen":"DEFECT","items_purchased":["Loop","Leap"],"campfire_rested":0,"item_purchase_floors":[5,10],"current_hp_per_floor":[71,60,60,43,43,43,42,42,42,42,13,2,7,0],"gold":69,"neow_bonus":"TWENTY_PERCENT_HP_BONUS","is_prod":false,"is_daily":false,"chose_seed":false,"campfire_upgraded":2,"win_rate":0,"timestamp":1629298201,"path_taken":["M","?","?","?","$","R","?","R","T","?","?","M","M","E"],"build_version":"2020-12-22","purchased_purges":1,"victory":false,"max_hp_per_floor":[85,85,85,85,85,85,85,85,85,85,85,85,85,85],"card_choices":[{"not_picked":["Compile Driver","Leap"],"picked":"Ball Lightning","floor":1},{"not_picked":["Rebound","Redo"],"picked":"Skim","floor":4},{"not_picked":["Recycle","Turbo"],"picked":"Chaos","floor":7},{"not_picked":["Streamline","Force Field"],"picked":"Compile Driver","floor":11},{"not_picked":["Rebound","Force Field","Hello World"],"picked":"SKIP","floor":12},{"not_picked":["Conserve Battery","Coolheaded"],"picked":"Redo","floor":13}],"player_experience":1570617,"relics_obtained":[{"floor":9,"key":"StrikeDummy"},{"floor":11,"key":"Odd Mushroom"}],"event_choices":[{"damage_healed":0,"gold_gain":75,"player_choice":"Gather Gold","damage_taken":11,"max_hp_gain":0,"max_hp_loss":0,"event_name":"World of Goop","floor":2,"gold_loss":0},{"damage_healed":0,"gold_gain":0,"player_choice":"Rummage","damage_taken":0,"relics_obtained":["WarpedTongs"],"max_hp_gain":0,"max_hp_loss":0,"event_name":"Accursed Blacksmith","floor":3,"gold_loss":0,"cards_obtained":["Pain"]},{"damage_healed":0,"gold_gain":0,"player_choice":"Fought Mushrooms","damage_taken":0,"max_hp_gain":0,"max_hp_loss":0,"event_name":"Mushrooms","floor":11,"gold_loss":0}],"is_beta":false,"boss_relics":[],"items_purged_floors":[5],"is_endless":false,"potions_floor_spawned":[7,12,13],"killed_by":"3 Sentries","ascension_level":19}