{"gold_per_floor":[118,137,117,131,106,106,106,132,156,156,190,203,203,221,221,299,299,319,334,89,139,150,150,180,200,200,200,200,200,200,200],"floor_reached":31,"playtime":1351,"items_purged":[],"score":513,"play_id":"d0025d4e-2180-46a6-a7c8-85f77f9309a3","local_time":"20210820180853","is_ascension_mode":true,"campfire_choices":[{"data":"Zap","floor":7,"key":"SMITH"},{"data":"Consume","floor":10,"key":"SMITH"},{"floor":13,"key":"REST"},{"data":"Defragment","floor":15,"key":"SMITH"},{"floor":23,"key":"REST"},{"floor":27,"key":"REST"},{"floor":30,"key":"REST"}],"neow_cost":"NONE","seed_source_timestamp":77554060486200,"circlet_count":0,"master_deck":["AscendersBane","Strike_B","Strike_B","Strike_B","Defend_B","Defend_B","Zap+1","Dualcast","Coolheaded","Reinforced Body","Consume+1","Sweeping Beam","Blizzard","Echo Form","Redo","Defragment+1","Machine Learning","Skim+1","Hologram+1","Aggregate+1","Glacier","Defragment","Glacier","Chaos","Core Surge","Writhe"],"relics":["Cracked Core","NeowsBlessing","Orichalcum","Question Card","Ancient Tea Set","Ornamental Fan","Astrolabe","Anchor","Matryoshka","Nunchaku","Bottled Lightning","Frozen Egg 2"],"potions_floor_usage":[8,11,16,24,31],"damage_taken":[{"damage":0,"enemies":"2 Louse","floor":1,"turns":2},{"damage":0,"enemies":"Cultist","floor":2,"turns":1},{"damage":0,"enemies":"Jaw Worm","floor":4,"turns":1},{"damage":19,"enemies":"3 Sentries","floor":8,"turns":10},{"damage":18,"enemies":"Gremlin Nob","floor":11,"turns":6},{"damage":3,"enemies":"Looter","floor":12,"turns":3},{"damage":5,"enemies":"3 Louse","floor":14,"turns":3},{"damage":3,"enemies":"Slime Boss","floor":16,"turns":7},{"damage":21,"enemies":"Chosen","floor":18,"turns":6},{"damage":16,"enemies":"Shell Parasite","floor":19,"turns":7},{"damage":5,"enemies":"Snecko","floor":22,"turns":10},{"damage":31,"enemies":"Book of Stabbing","floor":24,"turns":8},{"damage":0,"enemies":"Centurion and Healer","floor":25,"turns":8},{"damage":62,"enemies":"Cultist and Chosen","floor":31,"turns":5}],"seed_played":"1351331519458303236","potions_obtained":[{"floor":3,"key":"LiquidMemories"},{"floor":4,"key":"SpeedPotion"},{"floor":8,"key":"Ancient Potion"},{"floor":11,"key":"Block Potion"},{"floor":22,"key":"FocusPotion"},{"floor":24,"key":"EssenceOfDarkness"}],"is_trial":false,"path_per_floor":["M","M","?","M","$","?","R","E","T","R","E","M","R","M","R","B",null,"M","M","$","?","M","R","E","M","T","R","?","?","R","M"],"character_chosen":"DEFECT","items_purchased":["Sweeping Beam","Defragment","Anchor"],"campfire_rested":4,"item_purchase_floors":[5,20,20],"current_hp_per_floor":[64,64,64,64,64,59,59,40,40,40,22,19,40,35,35,32,61,40,24,24,24,19,40,9,9,9,30,30,30,51,0],"gold":200,"neow_bonus":"THREE_ENEMY_KILL","is_prod":false,"is_daily":false,"chose_seed":false,"campfire_upgraded":3,"win_rate":0,"timestamp":1629475733,"path_taken":["M","M","?","?","$","?","R","E","T","R","E","M","R","M","R","BOSS","M","M","$","?","M","R","E","M","T","R","?","?","R","M"],"build_version":"2020-12-22","purchased_purges":0,"victory":false,"max_hp_per_floor":[71,71,71,71,71,71,71,71,71,71,71,71,71,71,71,71,71,71,71,71,71,71,71,71,71,71,71,71,71,71,71],"card_choices":[{"not_picked":["Streamline","White Noise"],"picked":"Coolheaded","floor":1},{"not_picked":["Barrage","Aggregate"],"picked":"Reinforced Body","floor":2},{"not_picked":["Steam Power","Reinforced Body"],"picked":"Consume","floor":4},{"not_picked":["Hello World","Reprogram"],"picked":"Blizzard","floor":8},{"not_picked":["Blizzard","Fusion","Beam Cell"],"picked":"Echo Form","floor":11},{"not_picked":["Stack","Streamline","Hello World"],"picked":"Redo","floor":12},{"not_picked":["Gash","Thunder Strike","Conserve Battery"],"picked":"Defragment","floor":14},{"not_picked":["Thunder Strike","Reboot","Core Surge"],"picked":"Machine Learning","floor":16},{"not_picked":["Defragment","Sweeping Beam","Blizzard"],"picked":"Glacier","floor":18},{"not_picked":["Barrage","Steam Power","Aggregate","Static Discharge"],"picked":"SKIP","floor":19},{"not_picked":["Auto Shields","Skim","Coolheaded"],"picked":"Glacier","floor":22},{"not_picked":["Double Energy+1","Hello World+1","Turbo"],"picked":"Chaos","floor":24},{"not_picked":["Auto Shields","Turbo","Barrage","Rebound"],"picked":"SKIP","floor":25}],"player_experience":1570919,"relics_obtained":[{"floor":8,"key":"Question Card"},{"floor":9,"key":"Ancient Tea Set"},{"floor":11,"key":"Ornamental Fan"},{"floor":24,"key":"Matryoshka"},{"floor":26,"key":"Nunchaku"},{"floor":26,"key":"Bottled Lightning"}],"event_choices":[{"damage_healed":0,"gold_gain":0,"player_choice":"Bought 1 Potion","damage_taken":0,"max_hp_gain":0,"max_hp_loss":0,"event_name":"The Woman in Blue","floor":3,"gold_loss":0},{"damage_healed":0,"gold_gain":0,"player_choice":"Success","damage_taken":5,"relics_obtained":["Orichalcum"],"max_hp_gain":0,"max_hp_loss":0,"event_name":"Scrap Ooze","floor":6,"gold_loss":0},{"damage_healed":0,"gold_gain":50,"player_choice":"Stole From Cult","damage_taken":0,"max_hp_gain":0,"max_hp_loss":0,"event_name":"Nest","floor":21,"gold_loss":0},{"damage_healed":0,"gold_gain":0,"player_choice":"Read","damage_taken":0,"max_hp_gain":0,"max_hp_loss":0,"event_name":"The Library","floor":28,"gold_loss":0,"cards_obtained":["Core Surge"]},{"damage_healed":0,"gold_gain":0,"player_choice":"Opened","damage_taken":0,"relics_obtained":["Frozen Egg 2"],"max_hp_gain":0,"max_hp_loss":0,"event_name":"The Mausoleum","floor":29,"gold_loss":0,"cards_obtained":["Writhe"]}],"is_beta":false,"boss_relics":[{"not_picked":["Nuclear Battery","Velvet Choker"],"picked":"Astrolabe"}],"items_purged_floors":[],"is_endless":false,"potions_floor_spawned":[4,8,11,12,22,24],"killed_by":"Cultist and Chosen","ascension_level":19}