{"gold_per_floor":[116,41,51,62,62,62,89,89,89,121,93,128,128,128,128,199,199,218,236,255,271,102,102,102],"floor_reached":24,"playtime":797,"items_purged":[],"score":515,"play_id":"f5a42143-45cd-4a3d-81ce-680b4063918f","local_time":"20210821121140","is_ascension_mode":true,"campfire_choices":[{"floor":6,"key":"REST"},{"data":"Capacitor","floor":8,"key":"SMITH"},{"data":"Redo","floor":13,"key":"SMITH"},{"floor":15,"key":"REST"},{"floor":23,"key":"REST"}],"neow_cost":"NONE","seed_source_timestamp":3049942224100,"circlet_count":0,"master_deck":["AscendersBane","Strike_B","Strike_B","Strike_B","Strike_B","Defend_B","Defend_B","Defend_B","Defend_B","Zap","Dualcast","Sweeping Beam","Capacitor+1","Redo+1","Leap","Echo Form","Coolheaded","Ball Lightning","Stack","Rainbow","Biased Cognition","Loop","Chaos","Reinforced Body"],"relics":["FrozenCore","NeowsBlessing","Mercury Hourglass","Pocketwatch","DataDisk","Bottled Tornado","Dead Branch","ClockworkSouvenir"],"potions_floor_usage":[7,10,21,24],"damage_taken":[{"damage":0,"enemies":"Cultist","floor":1,"turns":1},{"damage":0,"enemies":"2 Louse","floor":3,"turns":1},{"damage":0,"enemies":"Jaw Worm","floor":4,"turns":1},{"damage":11,"enemies":"3 Sentries","floor":7,"turns":5},{"damage":14,"enemies":"Gremlin Nob","floor":10,"turns":3},{"damage":5,"enemies":"Lagavulin","floor":12,"turns":5},{"damage":0,"enemies":"Slime Boss","floor":16,"turns":6},{"damage":19,"enemies":"3 Byrds","floor":18,"turns":4},{"damage":16,"enemies":"Shell Parasite","floor":19,"turns":5},{"damage":8,"enemies":"Centurion and Healer","floor":20,"turns":8},{"damage":33,"enemies":"3 Cultists","floor":21,"turns":4},{"damage":60,"enemies":"Slavers","floor":24,"turns":4}],"seed_played":"-8639072294764264753","potions_obtained":[{"floor":1,"key":"EssenceOfDarkness"},{"floor":3,"key":"Fire Potion"},{"floor":7,"key":"FairyPotion"},{"floor":16,"key":"Energy Potion"},{"floor":21,"key":"Regen Potion"}],"is_trial":false,"path_per_floor":["M","$","M","M","?","R","E","R","T","E","$","E","R","?","R","B",null,"M","M","M","M","$","R","E"],"character_chosen":"DEFECT","items_purchased":["Capacitor","Ball Lightning","ClockworkSouvenir"],"campfire_rested":3,"item_purchase_floors":[2,11,22],"current_hp_per_floor":[64,64,64,64,29,50,39,39,39,25,25,20,20,20,41,41,64,45,29,21,10,10,31,0],"gold":102,"neow_bonus":"THREE_ENEMY_KILL","is_prod":false,"is_daily":false,"chose_seed":false,"campfire_upgraded":2,"win_rate":0,"timestamp":1629540700,"path_taken":["M","?","?","M","?","R","E","R","T","E","$","E","R","?","R","BOSS","M","M","?","M","$","R","E"],"build_version":"2020-12-22","purchased_purges":0,"victory":false,"max_hp_per_floor":[71,71,71,71,71,71,71,71,71,71,71,71,71,71,71,71,71,71,71,71,71,71,71,71],"card_choices":[{"not_picked":["Turbo","Stack"],"picked":"Sweeping Beam","floor":1},{"not_picked":["Steam","Leap"],"picked":"Redo","floor":3},{"not_picked":["Steam","Barrage"],"picked":"Leap","floor":4},{"not_picked":["Creative AI","Gash"],"picked":"Echo Form","floor":7},{"not_picked":["Melter","White Noise"],"picked":"Coolheaded","floor":10},{"not_picked":["Static Discharge","Cold Snap"],"picked":"Stack","floor":12},{"not_picked":["Hyperbeam","Multi-Cast"],"picked":"Biased Cognition","floor":16},{"not_picked":["Ball Lightning","Steam"],"picked":"Loop","floor":18},{"not_picked":["Beam Cell+1","Stack","Hologram"],"picked":"SKIP","floor":19},{"not_picked":["Coolheaded","Rip and Tear"],"picked":"Chaos","floor":20},{"not_picked":["Go for the Eyes","Hyperbeam"],"picked":"Reinforced Body","floor":21}],"player_experience":1574232,"relics_obtained":[{"floor":7,"key":"Pocketwatch"},{"floor":9,"key":"DataDisk"},{"floor":10,"key":"Bottled Tornado"},{"floor":12,"key":"Dead Branch"}],"event_choices":[{"damage_healed":0,"gold_gain":0,"player_choice":"Success","damage_taken":35,"relics_obtained":["Mercury Hourglass"],"max_hp_gain":0,"max_hp_loss":0,"event_name":"Scrap Ooze","floor":5,"gold_loss":0},{"damage_healed":0,"gold_gain":0,"player_choice":"1 cards matched","damage_taken":0,"max_hp_gain":0,"max_hp_loss":0,"event_name":"Match and Keep!","floor":14,"gold_loss":0,"cards_obtained":["Rainbow"]}],"is_beta":false,"boss_relics":[{"not_picked":["Nuclear Battery","Inserter"],"picked":"FrozenCore"}],"items_purged_floors":[],"is_endless":false,"potions_floor_spawned":[1,3,7,16,19,21],"killed_by":"Slavers","ascension_level":19}