{"gold_per_floor":[111,111,186,186,99,99,127,127,153,153,153,153,169,194,194,273,273,285,285,339,88,38,68,68,96,96,112,112,131,131,131],"floor_reached":31,"playtime":648,"items_purged":[],"score":585,"play_id":"bf9484fb-47be-408c-8d6e-1e90fb467b3f","local_time":"20210829222522","is_ascension_mode":true,"campfire_choices":[{"floor":6,"key":"REST"},{"data":"Fusion","floor":11,"key":"SMITH"},{"data":"Defragment","floor":15,"key":"SMITH"},{"floor":24,"key":"REST"},{"floor":28,"key":"REST"}],"neow_cost":"NONE","seed_source_timestamp":393204503204900,"circlet_count":0,"master_deck":["AscendersBane","Strike_B","Strike_B","Strike_B","Defend_B","Defend_B","Defend_B","Defend_B","Zap","Dualcast","Streamline","Beam Cell","Doom and Gloom","Fusion+1","Defragment+1","Electrodynamics","Leap","Defragment+1","Leap+1","Darkness+1","Barrage+1","Compile Driver+1"],"relics":["Cracked Core","NeowsBlessing","Vajra","Matryoshka","Toy Ornithopter","Cables","Boot","Akabeko","Bag of Marbles","Darkstone Periapt","Nuclear Battery","Potion Belt","Membership Card","Tiny Chest","Art of War","Strawberry","Molten Egg 2"],"potions_floor_usage":[14,18,23],"damage_taken":[{"damage":0,"enemies":"Small Slimes","floor":1,"turns":1},{"damage":0,"enemies":"Lagavulin","floor":7,"turns":1},{"damage":0,"enemies":"2 Louse","floor":13,"turns":1},{"damage":4,"enemies":"Gremlin Nob","floor":14,"turns":3},{"damage":26,"enemies":"The Guardian","floor":16,"turns":7},{"damage":6,"enemies":"Spheric Guardian","floor":18,"turns":3},{"damage":20,"enemies":"Slavers","floor":23,"turns":2},{"damage":58,"enemies":"Book of Stabbing","floor":25,"turns":5},{"damage":12,"enemies":"3 Byrds","floor":27,"turns":3},{"damage":11,"enemies":"Centurion and Healer","floor":29,"turns":4},{"damage":27,"enemies":"Gremlin Leader","floor":31,"turns":2}],"seed_played":"7181495086925147875","potions_obtained":[{"floor":1,"key":"Energy Potion"},{"floor":7,"key":"LiquidBronze"},{"floor":16,"key":"Fire Potion"},{"floor":18,"key":"Fruit Juice"},{"floor":25,"key":"CultistPotion"},{"floor":29,"key":"Dexterity Potion"}],"is_trial":false,"path_per_floor":["M","?","?","?","$","R","E","?","T","$","R","T","M","E","R","B",null,"M","?","T","$","?","E","R","E","T","M","R","M","?","E"],"character_chosen":"DEFECT","items_purchased":["Doom and Gloom","Membership Card","Tiny Chest"],"campfire_rested":3,"item_purchase_floors":[5,21,21],"current_hp_per_floor":[64,64,53,27,27,48,48,48,48,48,48,48,48,49,49,23,59,63,63,63,63,63,48,70,19,19,7,31,20,20,0],"gold":131,"neow_bonus":"THREE_ENEMY_KILL","is_prod":false,"is_daily":false,"chose_seed":false,"campfire_upgraded":2,"win_rate":0,"timestamp":1630268722,"path_taken":["M","?","?","?","$","R","E","?","T","$","R","?","?","E","R","BOSS","M","?","?","$","?","E","R","E","T","?","R","M","?","E"],"build_version":"2020-12-22","purchased_purges":0,"victory":false,"max_hp_per_floor":[71,71,71,71,71,71,71,71,71,71,71,71,71,71,71,71,71,76,76,76,76,76,76,76,83,83,83,83,83,83,83],"card_choices":[{"not_picked":["Barrage","Beam Cell"],"picked":"Streamline","floor":1},{"not_picked":["Rebound","Stack"],"picked":"Fusion","floor":7},{"not_picked":["Storm","Streamline"],"picked":"Defragment","floor":13},{"not_picked":["Hologram","Doom and Gloom","Genetic Algorithm"],"picked":"SKIP","floor":14},{"not_picked":["Core Surge","Reboot"],"picked":"Electrodynamics","floor":16},{"not_picked":["Steam","Chill"],"picked":"Leap","floor":18},{"not_picked":["FTL","Thunder Strike"],"picked":"Leap+1","floor":23},{"not_picked":["Barrage","Leap"],"picked":"Darkness+1","floor":25},{"not_picked":["Sweeping Beam+1","Turbo"],"picked":"Barrage+1","floor":27},{"not_picked":["Conserve Battery","Recycle"],"picked":"Compile Driver+1","floor":29}],"player_experience":1593788,"relics_obtained":[{"floor":7,"key":"Matryoshka"},{"floor":9,"key":"Cables"},{"floor":9,"key":"Boot"},{"floor":12,"key":"Akabeko"},{"floor":12,"key":"Bag of Marbles"},{"floor":14,"key":"Darkstone Periapt"},{"floor":20,"key":"Potion Belt"},{"floor":23,"key":"Art of War"},{"floor":25,"key":"Strawberry"},{"floor":26,"key":"Molten Egg 2"}],"event_choices":[{"damage_healed":0,"gold_gain":0,"cards_transformed":["Strike_B"],"player_choice":"Change","damage_taken":0,"max_hp_gain":0,"max_hp_loss":0,"event_name":"Living Wall","floor":2,"gold_loss":0,"cards_obtained":["Beam Cell"]},{"damage_healed":0,"gold_gain":75,"player_choice":"Gather Gold","damage_taken":11,"max_hp_gain":0,"max_hp_loss":0,"event_name":"World of Goop","floor":3,"gold_loss":0},{"damage_healed":0,"gold_gain":0,"player_choice":"Success","damage_taken":26,"relics_obtained":["Vajra"],"max_hp_gain":0,"max_hp_loss":0,"event_name":"Scrap Ooze","floor":4,"gold_loss":0},{"damage_healed":0,"gold_gain":0,"player_choice":"Searched \u00271\u0027 times","damage_taken":0,"relics_obtained":["Toy Ornithopter"],"max_hp_gain":0,"max_hp_loss":0,"event_name":"Dead Adventurer","floor":8,"gold_loss":0},{"damage_healed":0,"gold_gain":0,"player_choice":"Read","damage_taken":0,"max_hp_gain":0,"max_hp_loss":0,"event_name":"The Library","floor":19,"gold_loss":0,"cards_obtained":["Defragment"]},{"damage_healed":0,"gold_gain":0,"player_choice":"Upgrade","damage_taken":0,"max_hp_gain":0,"max_hp_loss":0,"event_name":"Designer","floor":22,"gold_loss":50,"cards_upgraded":["Defragment"]},{"damage_healed":0,"gold_gain":0,"player_choice":"Ignored","damage_taken":0,"max_hp_gain":0,"max_hp_loss":0,"event_name":"Vampires","floor":30,"gold_loss":0}],"is_beta":false,"boss_relics":[{"not_picked":["SlaversCollar","Velvet Choker"],"picked":"Nuclear Battery"}],"items_purged_floors":[],"is_endless":false,"potions_floor_spawned":[1,7,13,16,18,25,29],"killed_by":"Gremlin Leader","ascension_level":19}