{"gold_per_floor":[113,56,56,56,70,70,98,98,124,139,289,302,128,128,128,205,205,220,233,233,233,243,274,274,274],"floor_reached":25,"playtime":1139,"items_purged":["Doubt"],"score":427,"play_id":"c81c5ee1-d49b-48f3-9625-cd0dcbe85cb7","local_time":"20210904154614","is_ascension_mode":true,"campfire_choices":[{"data":"Zap","floor":6,"key":"SMITH"},{"floor":15,"key":"REST"},{"floor":24,"key":"REST"}],"neow_cost":"CURSE","seed_source_timestamp":7322083514500,"circlet_count":0,"master_deck":["AscendersBane","Strike_B+1","Defend_B+1","Defend_B+1","Defend_B+1","Zap+1","Dualcast","Leap","Gash","FTL","Melter","Undo","Rebound","Gash","Madness","Reboot","Darkness+1","Consume+1","Glacier+1","Gash","Skim","Conserve Battery+1","Capacitor"],"relics":["Cracked Core","Gambling Chip","Happy Flower","Nunchaku","Oddly Smooth Stone","Astrolabe","Ornamental Fan"],"potions_floor_usage":[7,7,7,16,18,23,23],"damage_taken":[{"damage":6,"enemies":"2 Louse","floor":1,"turns":3},{"damage":0,"enemies":"Small Slimes","floor":5,"turns":5},{"damage":10,"enemies":"Lagavulin","floor":7,"turns":5},{"damage":0,"enemies":"Jaw Worm","floor":10,"turns":4},{"damage":0,"enemies":"Looter","floor":12,"turns":2},{"damage":30,"enemies":"The Guardian","floor":16,"turns":10},{"damage":16,"enemies":"2 Thieves","floor":18,"turns":4},{"damage":0,"enemies":"Shell Parasite","floor":19,"turns":4},{"damage":27,"enemies":"Centurion and Healer","floor":22,"turns":8},{"damage":1,"enemies":"Book of Stabbing","floor":23,"turns":4},{"damage":43,"enemies":"Gremlin Leader","floor":25,"turns":6}],"seed_played":"-4979813810814444167","potions_obtained":[{"floor":1,"key":"DistilledChaos"},{"floor":5,"key":"EntropicBrew"},{"floor":10,"key":"FocusPotion"},{"floor":16,"key":"Energy Potion"},{"floor":22,"key":"DistilledChaos"},{"floor":23,"key":"Energy Potion"}],"is_trial":false,"path_per_floor":["M","$","?","?","M","R","E","?","T","M","?","M","$","?","R","B",null,"M","M","$","?","M","E","R","E"],"character_chosen":"DEFECT","items_purchased":["Gash","Madness"],"campfire_rested":2,"item_purchase_floors":[2,13],"current_hp_per_floor":[58,58,51,51,51,51,41,41,41,41,41,41,41,30,51,21,59,43,43,43,43,16,15,36,0],"gold":274,"neow_bonus":"ONE_RARE_RELIC","is_prod":false,"is_daily":false,"chose_seed":false,"campfire_upgraded":1,"win_rate":0,"timestamp":1630763174,"path_taken":["M","$","?","?","?","R","E","?","T","M","?","M","$","?","R","BOSS","M","M","$","?","M","E","R","E"],"build_version":"2020-12-22","purchased_purges":1,"victory":false,"max_hp_per_floor":[71,71,71,71,71,71,71,71,71,71,71,71,71,71,71,71,71,71,71,71,71,71,71,71,71],"card_choices":[{"not_picked":["Conserve Battery","White Noise"],"picked":"Leap","floor":1},{"not_picked":["Cold Snap","Beam Cell"],"picked":"FTL","floor":5},{"not_picked":["Barrage","Cold Snap"],"picked":"Melter","floor":7},{"not_picked":["Steam","White Noise"],"picked":"Rebound","floor":10},{"not_picked":["Chill","Reinforced Body"],"picked":"Gash","floor":12},{"not_picked":["Multi-Cast","Hyperbeam"],"picked":"Reboot","floor":16},{"not_picked":["Chill","Go for the Eyes"],"picked":"Gash","floor":18},{"not_picked":["Hologram","Redo"],"picked":"Skim","floor":19},{"not_picked":["Ball Lightning","Stack"],"picked":"Conserve Battery+1","floor":22},{"not_picked":["Steam","Coolheaded"],"picked":"Capacitor","floor":23}],"player_experience":1601981,"relics_obtained":[{"floor":7,"key":"Happy Flower"},{"floor":9,"key":"Nunchaku"},{"floor":23,"key":"Ornamental Fan"}],"event_choices":[{"cards_removed":["Shame"],"damage_healed":0,"gold_gain":0,"player_choice":"Card Removal","damage_taken":7,"max_hp_gain":0,"max_hp_loss":0,"event_name":"Golden Wing","floor":3,"gold_loss":0},{"damage_healed":0,"gold_gain":0,"player_choice":"Leave","damage_taken":0,"max_hp_gain":0,"max_hp_loss":0,"event_name":"The Cleric","floor":4,"gold_loss":0},{"damage_healed":0,"gold_gain":0,"cards_transformed":["Strike_B"],"player_choice":"Change","damage_taken":0,"max_hp_gain":0,"max_hp_loss":0,"event_name":"Living Wall","floor":8,"gold_loss":0,"cards_obtained":["Undo"]},{"damage_healed":0,"gold_gain":150,"player_choice":"AGREE","damage_taken":0,"max_hp_gain":0,"max_hp_loss":0,"event_name":"Liars Game","floor":11,"gold_loss":0,"cards_obtained":["Doubt"]},{"damage_healed":0,"gold_gain":0,"player_choice":"Success","damage_taken":11,"relics_obtained":["Oddly Smooth Stone"],"max_hp_gain":0,"max_hp_loss":0,"event_name":"Scrap Ooze","floor":14,"gold_loss":0},{"damage_healed":0,"gold_gain":0,"player_choice":"Simplicity","damage_taken":0,"max_hp_gain":0,"max_hp_loss":0,"event_name":"Back to Basics","floor":21,"gold_loss":0,"cards_upgraded":["Strike_B","Defend_B","Defend_B","Defend_B"]}],"is_beta":false,"boss_relics":[{"not_picked":["Coffee Dripper","Tiny House"],"picked":"Astrolabe"}],"items_purged_floors":[13],"is_endless":false,"potions_floor_spawned":[1,5,10,16,22,23],"killed_by":"Gremlin Leader","ascension_level":19}