{"gold_per_floor":[111,111,111,124,148,187,187,221,303,336,336,65,65,101,101,190,190,209,209,224,59,59,59,90,103,103,103],"floor_reached":27,"playtime":862,"items_purged":[],"score":505,"play_id":"1d365d3e-7d82-4a26-9a3a-1d5897b2ceba","local_time":"20210907225130","is_ascension_mode":true,"campfire_choices":[{"data":"Genetic Algorithm","floor":7,"key":"SMITH"},{"floor":11,"key":"REST"},{"floor":15,"key":"REST"},{"floor":23,"key":"REST"}],"neow_cost":"NONE","seed_source_timestamp":43548254631400,"circlet_count":0,"master_deck":["AscendersBane","Strike_B","Strike_B","Strike_B","Defend_B","Defend_B","Zap","Dualcast","Static Discharge","Beam Cell","Auto Shields","Genetic Algorithm+1","Redo","Streamline","Cold Snap+1","Seek","Tempest+1","Consume+1","Capacitor+1","Undo+1","Finesse","Melter+1","Buffer","Capacitor"],"relics":["Cracked Core","NeowsBlessing","Golden Idol","Pocketwatch","Oddly Smooth Stone","HornCleat","StoneCalendar","Molten Egg 2","Emotion Chip","Ornamental Fan","Astrolabe","PreservedInsect","Matryoshka","Omamori","Mercury Hourglass"],"potions_floor_usage":[6,6,22,27],"damage_taken":[{"damage":0,"enemies":"Small Slimes","floor":1,"turns":1},{"damage":0,"enemies":"Cultist","floor":4,"turns":1},{"damage":0,"enemies":"2 Louse","floor":5,"turns":1},{"damage":5,"enemies":"3 Sentries","floor":6,"turns":6},{"damage":13,"enemies":"Lagavulin","floor":8,"turns":7},{"damage":11,"enemies":"3 Sentries","floor":10,"turns":6},{"damage":14,"enemies":"Lagavulin","floor":14,"turns":5},{"damage":9,"enemies":"The Guardian","floor":16,"turns":8},{"damage":0,"enemies":"Chosen","floor":18,"turns":5},{"damage":18,"enemies":"Shell Parasite","floor":20,"turns":4},{"damage":0,"enemies":"Centurion and Healer","floor":22,"turns":2},{"damage":46,"enemies":"Slavers","floor":24,"turns":4},{"damage":5,"enemies":"Cultist and Chosen","floor":25,"turns":5},{"damage":6,"enemies":"Gremlin Leader","floor":27,"turns":4}],"seed_played":"-8822340937551700631","potions_obtained":[{"floor":1,"key":"Explosive Potion"},{"floor":4,"key":"GamblersBrew"},{"floor":5,"key":"AttackPotion"},{"floor":14,"key":"SmokeBomb"},{"floor":18,"key":"SneckoOil"}],"is_trial":false,"path_per_floor":["M","?","?","M","M","E","R","E","T","E","R","$","?","E","R","B",null,"M","?","M","$","M","R","E","M","T","E"],"character_chosen":"DEFECT","items_purchased":["Molten Egg 2","PreservedInsect"],"campfire_rested":3,"item_purchase_floors":[12,21],"current_hp_per_floor":[64,64,64,64,64,59,59,46,46,35,56,56,51,37,58,49,66,66,54,36,36,36,57,11,6,6,0],"gold":103,"neow_bonus":"THREE_ENEMY_KILL","is_prod":false,"is_daily":false,"chose_seed":false,"campfire_upgraded":1,"win_rate":0,"timestamp":1631047890,"path_taken":["M","?","?","M","?","E","R","E","T","E","R","$","?","E","R","BOSS","M","?","M","?","M","R","E","M","T","E"],"build_version":"2020-12-22","purchased_purges":0,"victory":false,"max_hp_per_floor":[71,71,71,71,71,71,71,71,71,71,71,71,71,71,71,71,71,71,71,71,71,71,71,71,71,71,71],"card_choices":[{"not_picked":["Chaos","Stack"],"picked":"Static Discharge","floor":1},{"not_picked":["Stack","Go for the Eyes"],"picked":"Beam Cell","floor":4},{"not_picked":["Hologram","Beam Cell"],"picked":"Auto Shields","floor":5},{"not_picked":["Recycle","Steam Power"],"picked":"Genetic Algorithm","floor":6},{"not_picked":["BootSequence","Hello World"],"picked":"Redo","floor":8},{"not_picked":["Double Energy","Sweeping Beam"],"picked":"Streamline","floor":10},{"not_picked":["Streamline+1","Stack"],"picked":"Cold Snap+1","floor":14},{"not_picked":["Amplify","All For One+1"],"picked":"Seek","floor":16},{"not_picked":["Static Discharge","Turbo"],"picked":"Undo+1","floor":18},{"not_picked":["Gash+1","Undo"],"picked":"Melter+1","floor":20},{"not_picked":["Streamline+1","Melter+1"],"picked":"Buffer","floor":24},{"not_picked":["Streamline+1","Sweeping Beam+1"],"picked":"Capacitor","floor":25}],"player_experience":1613316,"relics_obtained":[{"floor":6,"key":"Pocketwatch"},{"floor":8,"key":"Oddly Smooth Stone"},{"floor":9,"key":"HornCleat"},{"floor":10,"key":"StoneCalendar"},{"floor":14,"key":"Ornamental Fan"},{"floor":24,"key":"Matryoshka"},{"floor":26,"key":"Omamori"},{"floor":26,"key":"Mercury Hourglass"}],"event_choices":[{"damage_healed":0,"gold_gain":0,"player_choice":"Take Wound","damage_taken":0,"relics_obtained":["Golden Idol"],"max_hp_gain":0,"max_hp_loss":0,"event_name":"Golden Idol","floor":2,"gold_loss":0,"cards_obtained":["Injury"]},{"cards_removed":["Injury"],"damage_healed":0,"gold_gain":0,"player_choice":"Removed Curses","damage_taken":0,"max_hp_gain":0,"max_hp_loss":0,"event_name":"Fountain of Cleansing","floor":3,"gold_loss":0},{"damage_healed":0,"gold_gain":0,"player_choice":"Success","damage_taken":5,"relics_obtained":["Emotion Chip"],"max_hp_gain":0,"max_hp_loss":0,"event_name":"Scrap Ooze","floor":13,"gold_loss":0},{"damage_healed":0,"gold_gain":0,"player_choice":"CARD ","damage_taken":12,"max_hp_gain":0,"max_hp_loss":0,"event_name":"Knowing Skull","floor":19,"potions_obtained":[],"gold_loss":0,"cards_obtained":["Finesse"]}],"is_beta":false,"boss_relics":[{"not_picked":["Sozu","Tiny House"],"picked":"Astrolabe"}],"items_purged_floors":[],"is_endless":false,"potions_floor_spawned":[1,4,5,14,18,20,22],"killed_by":"Gremlin Leader","ascension_level":19}