{"gold_per_floor":[111,211,227,239,26,26,56,56,56,67,67,102,122,133,133,228,228,247,63,63,78,78],"floor_reached":22,"playtime":510,"items_purged":["Strike_B","Strike_B"],"score":248,"play_id":"d587f435-a16f-4986-b7c5-c8037a5baf20","local_time":"20211201224625","is_ascension_mode":true,"campfire_choices":[{"data":"Echo Form","floor":6,"key":"SMITH"},{"data":"Zap","floor":8,"key":"SMITH"},{"floor":15,"key":"REST"}],"neow_cost":"PERCENT_DAMAGE","seed_source_timestamp":941488470091300,"circlet_count":0,"master_deck":["Strike_B","Strike_B","Defend_B","Defend_B","Defend_B","Defend_B","Zap+1","Dualcast","Creative AI","Beam Cell","Doom and Gloom","Conserve Battery","Echo Form+1","Darkness+1","Creative AI","Fusion","Redo","Amplify","Enlightenment"],"relics":["Cracked Core","Molten Egg 2","Thread and Needle","Letter Opener","Busted Crown"],"potions_floor_usage":[],"damage_taken":[{"damage":3,"enemies":"Small Slimes","floor":1,"turns":2},{"damage":0,"enemies":"Cultist","floor":3,"turns":2},{"damage":0,"enemies":"2 Louse","floor":4,"turns":2},{"damage":0,"enemies":"2 Fungi Beasts","floor":10,"turns":2},{"damage":19,"enemies":"Gremlin Nob","floor":12,"turns":4},{"damage":12,"enemies":"Lots of Slimes","floor":13,"turns":3},{"damage":1,"enemies":"Looter","floor":14,"turns":3},{"damage":0,"enemies":"Slime Boss","floor":16,"turns":4},{"damage":12,"enemies":"Chosen","floor":18,"turns":5},{"damage":32,"enemies":"Shell Parasite","floor":21,"turns":7},{"damage":36,"enemies":"Snake Plant","floor":22,"turns":4}],"seed_played":"-3556753433254140686","potions_obtained":[{"floor":3,"key":"Dexterity Potion"},{"floor":10,"key":"Strength Potion"},{"floor":14,"key":"PowerPotion"}],"is_trial":false,"path_per_floor":["M","?","M","M","$","R","?","R","T","M","?","E","M","M","R","B",null,"M","$","$","M","M"],"character_chosen":"DEFECT","items_purchased":["Echo Form","Enlightenment"],"campfire_rested":1,"item_purchase_floors":[5,19],"current_hp_per_floor":[51,51,51,51,51,51,51,51,51,51,51,32,20,19,41,41,75,63,63,63,31,0],"gold":78,"neow_bonus":"THREE_RARE_CARDS","is_prod":false,"is_daily":false,"chose_seed":false,"campfire_upgraded":2,"win_rate":0,"timestamp":1638395185,"path_taken":["M","?","?","M","$","R","?","R","T","M","?","E","M","M","R","BOSS","M","?","$","M","?"],"build_version":"2020-12-22","purchased_purges":2,"victory":false,"max_hp_per_floor":[75,75,75,75,75,75,75,75,75,75,75,75,75,75,75,75,75,75,75,75,75,75],"card_choices":[{"not_picked":["Reboot","Hyperbeam"],"picked":"Creative AI","floor":0},{"not_picked":["Compile Driver","Steam"],"picked":"Beam Cell","floor":1},{"not_picked":["Streamline","Steam"],"picked":"Doom and Gloom","floor":3},{"not_picked":["Streamline","Turbo"],"picked":"Conserve Battery","floor":4},{"not_picked":["Go for the Eyes+1","Conserve Battery"],"picked":"Darkness","floor":10},{"not_picked":["Steam Power","Stack"],"picked":"Creative AI","floor":12},{"not_picked":["Barrage+1","Gash+1"],"picked":"Fusion","floor":13},{"not_picked":["Tempest","Go for the Eyes+1"],"picked":"Redo","floor":14},{"not_picked":["Hyperbeam+1","Machine Learning"],"picked":"Amplify","floor":16},{"not_picked":["Genetic Algorithm+1"],"picked":"SKIP","floor":18},{"not_picked":["Sweeping Beam+1"],"picked":"SKIP","floor":21}],"player_experience":1687684,"relics_obtained":[{"floor":9,"key":"Thread and Needle"},{"floor":12,"key":"Letter Opener"}],"event_choices":[{"damage_healed":0,"gold_gain":100,"player_choice":"Pray","damage_taken":0,"max_hp_gain":0,"max_hp_loss":0,"event_name":"Golden Shrine","floor":2,"gold_loss":0},{"damage_healed":0,"gold_gain":30,"player_choice":"Searched \u00272\u0027 times","damage_taken":0,"relics_obtained":["Molten Egg 2"],"max_hp_gain":0,"max_hp_loss":0,"event_name":"Dead Adventurer","floor":7,"gold_loss":0},{"damage_healed":0,"gold_gain":0,"player_choice":"Forge","damage_taken":0,"max_hp_gain":0,"max_hp_loss":0,"event_name":"Accursed Blacksmith","floor":11,"gold_loss":0,"cards_upgraded":["Darkness"]}],"is_beta":false,"boss_relics":[{"not_picked":["Fusion Hammer","SacredBark"],"picked":"Busted Crown"}],"items_purged_floors":[5,19],"is_endless":false,"potions_floor_spawned":[3,10,14,18],"killed_by":"Snake Plant","ascension_level":1}