{"gold_per_floor":[115,133,133,63,63,91,106,131,131,131,17,35,35,68,68,173,173,197,122,122,148,165,202,202,238,238,244],"floor_reached":27,"playtime":801,"items_purged":[],"score":361,"play_id":"99c224cd-4db8-4c98-b150-cfb2f7d97d5d","local_time":"20211219131112","is_ascension_mode":true,"campfire_choices":[{"data":"BasicCrystalCard","floor":13,"key":"SMITH"},{"data":"Zap","floor":15,"key":"SMITH"},{"floor":24,"key":"REST"}],"neow_cost":"NONE","seed_source_timestamp":597472378713300,"circlet_count":0,"master_deck":["Strike_B","Defend_B+1","Defend_B+1","Defend_B+1","Defend_B+1","Zap+1","Dualcast","Sunder","Loop","Beam Cell","Ball Lightning","BasicCrystalCard+1","Hyperbeam+1","ReplayTheSpireMod:Calculation Training+1","Mirror Shield+1","Capacitor"],"relics":["Cracked Core","NeowsBlessing","Meat on the Bone","Singing Bowl","Toxic Egg 2","Replay:Accelerometer","Replay:Bandana","Ring of Chaos","Enchiridion","Replay:Mystery Machine","Juzu Bracelet","Replay:Bottled Eggs"],"potions_floor_usage":[8,16,16,27],"damage_taken":[{"damage":0,"enemies":"2 Louse","floor":1,"turns":1},{"damage":0,"enemies":"Jaw Worm","floor":2,"turns":1},{"damage":0,"enemies":"Lagavulin","floor":6,"turns":1},{"damage":0,"enemies":"Cultist","floor":7,"turns":2},{"damage":20,"enemies":"3 Sentries","floor":8,"turns":5},{"damage":6,"enemies":"3 Louse","floor":12,"turns":2},{"damage":4,"enemies":"Replay:BlueRogue","floor":14,"turns":4},{"damage":0,"enemies":"Slime Boss","floor":16,"turns":4},{"damage":0,"enemies":"Shell Parasite","floor":18,"turns":6},{"damage":0,"enemies":"3 Byrds","floor":21,"turns":2},{"damage":17,"enemies":"Sentry and Sphere","floor":22,"turns":4},{"damage":44,"enemies":"Slavers","floor":23,"turns":4},{"damage":31,"enemies":"Book of Stabbing","floor":25,"turns":6},{"damage":32,"enemies":"Slavers","floor":27,"turns":3}],"seed_played":"-4483742375541478639","potions_obtained":[{"floor":1,"key":"ColorlessPotion"},{"floor":8,"key":"DistilledChaos"},{"floor":12,"key":"DistilledChaos"},{"floor":25,"key":"Languid Potion"}],"is_trial":false,"path_per_floor":["M","M","?","$","?","E","M","E","T","?","$","M","R","E","R","B",null,"M","?","?","M","M","E","R","E","T","E"],"character_chosen":"DEFECT","items_purchased":["ReplayTheSpireMod:GoodbyeWorld","Hyperbeam+1"],"campfire_rested":1,"item_purchase_floors":[4,11],"current_hp_per_floor":[75,75,68,68,68,68,68,50,50,50,50,46,46,42,42,42,79,81,81,65,65,50,20,45,28,28,0],"gold":244,"neow_bonus":"THREE_ENEMY_KILL","is_prod":false,"is_daily":false,"chose_seed":false,"campfire_upgraded":2,"win_rate":0,"timestamp":1639915872,"path_taken":["M","M","?","$","?","E","?","E","T","?","?","M","R","E","R","BOSS","M","?","?","M","M","E","R","E","T","E"],"build_version":"2020-12-22","purchased_purges":0,"victory":false,"max_hp_per_floor":[75,75,75,75,75,75,75,77,77,77,77,79,79,79,79,79,79,81,81,81,81,83,85,85,87,87,87],"card_choices":[{"not_picked":["Recycle","Go for the Eyes"],"picked":"Sunder","floor":1},{"not_picked":["Blizzard","Compile Driver"],"picked":"Loop","floor":2},{"not_picked":["Glacier","Conserve Battery"],"picked":"Ball Lightning","floor":6},{"not_picked":["Stack","Lockon"],"picked":"BasicCrystalCard","floor":7},{"not_picked":["Sweeping Beam","Coolheaded","Panic Button"],"picked":"Singing Bowl","floor":8},{"not_picked":["Cold Snap","Conserve Battery+1","Streamline"],"picked":"Singing Bowl","floor":12},{"not_picked":["Double Energy+1","Compile Driver"],"picked":"ReplayTheSpireMod:Calculation Training+1","floor":14},{"not_picked":["Rainbow+1","ReplayTheSpireMod:Omega Cannon"],"picked":"Mirror Shield+1","floor":16},{"not_picked":["Redo+1","Compile Driver","Conserve Battery+1"],"picked":"Singing Bowl","floor":18},{"not_picked":["Barrage+1","Reboot+1"],"picked":"Capacitor","floor":21},{"not_picked":["Steam+1","FTL+1","Coolheaded+1"],"picked":"Singing Bowl","floor":22},{"not_picked":["Auto Shields+1","Stack+1","Reboot+1"],"picked":"Singing Bowl","floor":23},{"not_picked":["Thunder Strike","ReplayTheSpireMod:Repulse+1","Cold Snap"],"picked":"Singing Bowl","floor":25}],"player_experience":1740302,"relics_obtained":[{"floor":6,"key":"Meat on the Bone"},{"floor":8,"key":"Singing Bowl"},{"floor":9,"key":"Toxic Egg 2"},{"floor":14,"key":"Replay:Bandana"},{"floor":20,"key":"Enchiridion"},{"floor":23,"key":"Replay:Mystery Machine"},{"floor":25,"key":"Juzu Bracelet"},{"floor":26,"key":"Replay:Bottled Eggs"}],"event_choices":[{"cards_removed":["Strike_B"],"damage_healed":0,"gold_gain":0,"player_choice":"Card Removal","damage_taken":7,"max_hp_gain":0,"max_hp_loss":0,"event_name":"Golden Wing","floor":3,"gold_loss":0},{"damage_healed":0,"gold_gain":0,"cards_transformed":["Strike_B"],"player_choice":"Transformed","damage_taken":0,"max_hp_gain":0,"max_hp_loss":0,"event_name":"Transmorgrifier","floor":5,"gold_loss":0,"cards_obtained":["Beam Cell"]},{"cards_removed":["ReplayTheSpireMod:GoodbyeWorld"],"damage_healed":0,"gold_gain":0,"player_choice":"Gave Card","damage_taken":0,"relics_obtained":["Replay:Accelerometer"],"max_hp_gain":0,"max_hp_loss":0,"event_name":"WeMeetAgain","floor":10,"gold_loss":0},{"cards_removed":["Strike_B"],"damage_healed":0,"gold_gain":0,"player_choice":"Gave Gold","damage_taken":0,"max_hp_gain":0,"max_hp_loss":0,"event_name":"Beggar","floor":19,"gold_loss":75},{"damage_healed":0,"gold_gain":0,"player_choice":"Obtained Book","damage_taken":16,"max_hp_gain":0,"max_hp_loss":0,"event_name":"Cursed Tome","floor":20,"gold_loss":0}],"is_beta":false,"boss_relics":[{"not_picked":["FrozenCore","Astrolabe"],"picked":"Ring of Chaos"}],"items_purged_floors":[],"is_endless":false,"potions_floor_spawned":[1,8,12,25],"killed_by":"Slavers","ascension_level":1}