{"gold_per_floor":[115,128,32,32,49,81,81,156,156,156,156,156,156,168,168,245,295,313,313,313,326,326,326],"floor_reached":23,"playtime":676,"items_purged":[],"score":474,"play_id":"f21c834d-f10e-47c0-89ed-2eca81637981","local_time":"20220412005238","is_ascension_mode":true,"campfire_choices":[{"floor":7,"key":"REST"},{"data":"1","floor":10,"key":"LIFT"},{"data":"2","floor":12,"key":"LIFT"},{"data":"3","floor":13,"key":"LIFT"},{"floor":15,"key":"REST"}],"neow_cost":"NONE","seed_source_timestamp":18443831637000,"circlet_count":0,"master_deck":["AscendersBane","Zap","Dualcast","Ball Lightning","Amplify","Skim","Fission","Storm+1","Chill","Conserve Battery","Conserve Battery","Flash of Steel","Conserve Battery","Buffer","Self Repair","Electrodynamics","Gash","Darkness"],"relics":["Pandora\u0027s Box","WingedGreaves","Girya","NlothsMask","Tiny House"],"potions_floor_usage":[21],"damage_taken":[{"damage":4,"enemies":"Cultist","floor":1,"turns":3},{"damage":11,"enemies":"2 Louse","floor":2,"turns":3},{"damage":0,"enemies":"Small Slimes","floor":5,"turns":4},{"damage":56,"enemies":"Gremlin Nob","floor":6,"turns":6},{"damage":4,"enemies":"Exordium Thugs","floor":14,"turns":5},{"damage":0,"enemies":"The Guardian","floor":16,"turns":10},{"damage":0,"enemies":"Spheric Guardian","floor":18,"turns":4},{"damage":24,"enemies":"2 Thieves","floor":21,"turns":4},{"damage":45,"enemies":"Book of Stabbing","floor":23,"turns":4}],"seed_played":"-944204786299684413","potions_obtained":[{"floor":5,"key":"Swift Potion"},{"floor":17,"key":"EssenceOfDarkness"}],"is_trial":false,"path_per_floor":["M","M","$","?","M","E","R","?","T","R","?","R","R","M","R","B",null,"M","?","?","M","?","E"],"character_chosen":"DEFECT","items_purchased":["Flash of Steel"],"campfire_rested":2,"item_purchase_floors":[3],"current_hp_per_floor":[60,49,49,71,71,15,36,25,25,25,25,25,25,21,42,49,71,76,76,76,59,59,14],"gold":326,"neow_bonus":"BOSS_RELIC","is_prod":false,"is_daily":false,"chose_seed":false,"campfire_upgraded":0,"win_rate":0,"timestamp":1649717558,"path_taken":["M","M","$","?","?","E","R","?","T","R","?","R","R","M","R","BOSS","M","?","?","M","?","E"],"build_version":"2022-03-07","purchased_purges":0,"victory":false,"max_hp_per_floor":[71,71,71,71,71,71,71,71,71,71,71,71,71,71,71,71,76,76,76,76,76,76,76],"card_choices":[{"not_picked":["Compile Driver","Rebound"],"picked":"Conserve Battery","floor":1},{"not_picked":["Fusion","Steam"],"picked":"Conserve Battery","floor":2},{"not_picked":["Rebound","Steam"],"picked":"Conserve Battery","floor":5},{"not_picked":["Lockon","Cold Snap"],"picked":"Buffer","floor":6},{"not_picked":["Static Discharge","Streamline"],"picked":"Self Repair","floor":14},{"not_picked":["Echo Form","Buffer"],"picked":"Electrodynamics","floor":16},{"not_picked":["Lockon","Steam"],"picked":"Gash","floor":17},{"not_picked":["Turbo","Beam Cell","Leap"],"picked":"SKIP","floor":18},{"not_picked":["Streamline","Steam+1","Glacier"],"picked":"SKIP","floor":21}],"player_experience":1870400,"relics_obtained":[{"floor":6,"key":"WingedGreaves"},{"floor":9,"key":"Girya"}],"event_choices":[{"cards_removed":["Double Energy"],"damage_healed":22,"gold_gain":0,"player_choice":"Offered Uncommon","damage_taken":0,"max_hp_gain":0,"max_hp_loss":0,"event_name":"Bonfire Elementals","floor":4,"gold_loss":0},{"damage_healed":0,"gold_gain":75,"player_choice":"Gather Gold","damage_taken":11,"max_hp_gain":0,"max_hp_loss":0,"event_name":"World of Goop","floor":8,"gold_loss":0},{"damage_healed":0,"gold_gain":0,"player_choice":"Trade","damage_taken":0,"relics_obtained":["NlothsMask"],"max_hp_gain":0,"max_hp_loss":0,"event_name":"FaceTrader","floor":11,"gold_loss":0},{"cards_removed":["Machine Learning"],"damage_healed":0,"gold_gain":0,"player_choice":"Elegance","damage_taken":0,"max_hp_gain":0,"max_hp_loss":0,"event_name":"Back to Basics","floor":19,"gold_loss":0},{"damage_healed":0,"gold_gain":0,"player_choice":"Read","damage_taken":0,"max_hp_gain":0,"max_hp_loss":0,"event_name":"The Library","floor":20,"gold_loss":0,"cards_obtained":["Darkness"]},{"damage_healed":0,"gold_gain":0,"player_choice":"Ignored","damage_taken":0,"max_hp_gain":0,"max_hp_loss":0,"event_name":"Vampires","floor":22,"gold_loss":0}],"is_beta":false,"boss_relics":[{"not_picked":["Astrolabe","SacredBark"],"picked":"Tiny House"}],"items_purged_floors":[],"is_endless":false,"potions_floor_spawned":[5,18],"killed_by":"Book of Stabbing","ascension_level":20}