{"gold_per_floor":[117,137,156,231,381,408,408,408],"floor_reached":8,"playtime":277,"items_purged":[],"score":116,"play_id":"2487a205-8b34-4744-96c4-7fe32178408d","local_time":"20221120193338","is_ascension_mode":true,"campfire_choices":[],"neow_cost":"CURSE","seed_source_timestamp":34192931364400,"circlet_count":0,"master_deck":["AscendersBane","Strike_B","Strike_B","Strike_B","Strike_B","Defend_B","Defend_B","Defend_B","Defend_B","Zap","Dualcast","Regret","Static Discharge","Melter","Reinforced Body","Doubt","Machine Learning"],"relics":["Cracked Core","Incense Burner","StoneCalendar"],"potions_floor_usage":[6,7],"damage_taken":[{"damage":4,"enemies":"Cultist","floor":1,"turns":4},{"damage":6,"enemies":"Jaw Worm","floor":2,"turns":5},{"damage":2,"enemies":"2 Louse","floor":3,"turns":2},{"damage":26,"enemies":"3 Sentries","floor":6,"turns":6},{"damage":0,"enemies":"Gremlin Gang","floor":7,"turns":1},{"damage":17,"enemies":"Lagavulin","floor":8,"turns":4}],"seed_played":"8929898128075573949","potions_obtained":[{"floor":2,"key":"SmokeBomb"},{"floor":3,"key":"ColorlessPotion"}],"is_trial":false,"path_per_floor":["M","M","M","?","?","E","M","E"],"character_chosen":"DEFECT","items_purchased":[],"campfire_rested":0,"item_purchase_floors":[],"current_hp_per_floor":[60,54,52,41,41,15,15,0],"gold":408,"neow_bonus":"ONE_RARE_RELIC","is_prod":false,"is_daily":false,"chose_seed":false,"campfire_upgraded":0,"win_rate":0,"timestamp":1668969218,"path_taken":["M","M","?","?","?","E","M","E"],"build_version":"2022-10-04","purchased_purges":0,"victory":false,"max_hp_per_floor":[71,71,71,71,71,71,71,71],"card_choices":[{"not_picked":["Beam Cell","Coolheaded"],"picked":"Static Discharge","floor":1},{"not_picked":["Coolheaded","Conserve Battery"],"picked":"Melter","floor":2},{"not_picked":["Redo","Hologram"],"picked":"Reinforced Body","floor":3},{"not_picked":["Gash","Coolheaded"],"picked":"Machine Learning","floor":6}],"player_experience":1958285,"relics_obtained":[{"floor":6,"key":"StoneCalendar"}],"event_choices":[{"damage_healed":0,"gold_gain":75,"player_choice":"Gather Gold","damage_taken":11,"max_hp_gain":0,"max_hp_loss":0,"event_name":"World of Goop","floor":4,"gold_loss":0},{"damage_healed":0,"gold_gain":150,"player_choice":"AGREE","damage_taken":0,"max_hp_gain":0,"max_hp_loss":0,"event_name":"Liars Game","floor":5,"gold_loss":0,"cards_obtained":["Doubt"]}],"is_beta":false,"boss_relics":[],"items_purged_floors":[],"is_endless":false,"potions_floor_spawned":[2,3],"killed_by":"Lagavulin","ascension_level":20}