{"gold_per_floor":[114,129,54,129,129,158,168,3,3,3,32,51,82,92,92,92],"floor_reached":16,"playtime":461,"items_purged":["Strike_B"],"score":290,"play_id":"ae8b1ce3-d2b8-4270-90aa-430b4a4b24dd","local_time":"20221120113434","is_ascension_mode":true,"campfire_choices":[{"data":"Zap","floor":10,"key":"SMITH"},{"floor":15,"key":"REST"}],"neow_cost":"NONE","seed_source_timestamp":5264078771500,"circlet_count":0,"master_deck":["AscendersBane","Strike_B","Strike_B","Defend_B","Defend_B","Defend_B","Zap+1","Dualcast","Gash","Coolheaded","Ball Lightning","Skim","Loop+1"],"relics":["Cracked Core","NeowsBlessing","Meat on the Bone","Orichalcum","Frozen Egg 2","Lantern"],"potions_floor_usage":[13],"damage_taken":[{"damage":0,"enemies":"Small Slimes","floor":1,"turns":1},{"damage":0,"enemies":"Jaw Worm","floor":2,"turns":1},{"damage":0,"enemies":"Gremlin Nob","floor":6,"turns":1},{"damage":0,"enemies":"2 Louse","floor":7,"turns":1},{"damage":23,"enemies":"Lagavulin","floor":11,"turns":6},{"damage":5,"enemies":"Blue Slaver","floor":12,"turns":3},{"damage":16,"enemies":"3 Sentries","floor":13,"turns":6},{"damage":14,"enemies":"Gremlin Gang","floor":14,"turns":4},{"damage":57,"enemies":"Slime Boss","floor":16,"turns":11}],"seed_played":"8576532781648189012","potions_obtained":[{"floor":2,"key":"GamblersBrew"},{"floor":11,"key":"SpeedPotion"},{"floor":12,"key":"PowerPotion"}],"is_trial":false,"path_per_floor":["M","M","?","?","?","E","M","$","T","R","E","M","E","M","R","B"],"character_chosen":"DEFECT","items_purchased":["Skim"],"campfire_rested":1,"item_purchase_floors":[8],"current_hp_per_floor":[64,64,64,53,46,46,46,46,46,46,35,42,38,36,57,0],"gold":92,"neow_bonus":"THREE_ENEMY_KILL","is_prod":false,"is_daily":false,"chose_seed":false,"campfire_upgraded":1,"win_rate":0,"timestamp":1668940474,"path_taken":["M","M","?","?","?","E","M","?","T","R","E","?","E","?","R","BOSS"],"build_version":"2022-10-04","purchased_purges":1,"victory":false,"max_hp_per_floor":[71,71,71,71,71,71,71,71,71,71,71,71,71,71,71,71],"card_choices":[{"not_picked":["Stack","Hologram"],"picked":"Gash","floor":1},{"not_picked":["Double Energy","Turbo"],"picked":"Coolheaded","floor":2},{"not_picked":["Chill","Turbo"],"picked":"Ball Lightning","floor":6},{"not_picked":["Conserve Battery","Stack","Steam"],"picked":"SKIP","floor":7},{"not_picked":["BootSequence","Recycle","Chill"],"picked":"SKIP","floor":11},{"not_picked":["Skim","Coolheaded","Darkness"],"picked":"SKIP","floor":12},{"not_picked":["Heatsinks+1","Go for the Eyes"],"picked":"Loop+1","floor":13},{"not_picked":["Stack","Redo","Double Energy"],"picked":"SKIP","floor":14}],"player_experience":1954870,"relics_obtained":[{"floor":6,"key":"Meat on the Bone"},{"floor":9,"key":"Orichalcum"},{"floor":11,"key":"Frozen Egg 2"},{"floor":13,"key":"Lantern"}],"event_choices":[{"cards_removed":["Strike_B"],"damage_healed":0,"gold_gain":0,"player_choice":"Card Removal","damage_taken":0,"max_hp_gain":0,"max_hp_loss":0,"event_name":"The Cleric","floor":3,"gold_loss":75},{"damage_healed":0,"gold_gain":75,"player_choice":"Gather Gold","damage_taken":11,"max_hp_gain":0,"max_hp_loss":0,"event_name":"World of Goop","floor":4,"gold_loss":0},{"cards_removed":["Defend_B"],"damage_healed":0,"gold_gain":0,"player_choice":"Card Removal","damage_taken":7,"max_hp_gain":0,"max_hp_loss":0,"event_name":"Golden Wing","floor":5,"gold_loss":0}],"is_beta":false,"boss_relics":[],"items_purged_floors":[8],"is_endless":false,"potions_floor_spawned":[2,11,12],"killed_by":"Slime Boss","ascension_level":20}