{"gold_per_floor":[111,111,111,123,123,123,158,178,178,178,191,191,207,226,226,226],"floor_reached":16,"playtime":331,"items_purged":[],"score":254,"play_id":"be099b5f-643c-42f3-9ba8-fa9d59c376af","local_time":"20221117190738","is_ascension_mode":true,"campfire_choices":[{"data":"Genetic Algorithm","floor":6,"key":"SMITH"},{"floor":12,"key":"REST"},{"floor":15,"key":"REST"}],"neow_cost":"NONE","seed_source_timestamp":381239886056400,"circlet_count":0,"master_deck":["AscendersBane","Strike_B","Strike_B","Strike_B","Defend_B","Defend_B","Defend_B","Defend_B","Zap","Dualcast","Gash","Blizzard","Genetic Algorithm+1","Core Surge","Reprogram","Injury","Gash"],"relics":["Cracked Core","NeowsBlessing","Thread and Needle","Dream Catcher","The Courier","StoneCalendar","Golden Idol"],"potions_floor_usage":[11,16,16],"damage_taken":[{"damage":0,"enemies":"Jaw Worm","floor":1,"turns":1},{"damage":0,"enemies":"2 Louse","floor":4,"turns":1},{"damage":0,"enemies":"Gremlin Nob","floor":7,"turns":1},{"damage":2,"enemies":"Small Slimes","floor":8,"turns":4},{"damage":26,"enemies":"Gremlin Gang","floor":11,"turns":5},{"damage":7,"enemies":"Looter","floor":13,"turns":4},{"damage":3,"enemies":"3 Louse","floor":14,"turns":4},{"damage":51,"enemies":"The Guardian","floor":16,"turns":8}],"seed_played":"-5825839600013062218","potions_obtained":[{"floor":8,"key":"AttackPotion"},{"floor":13,"key":"Strength Potion"},{"floor":14,"key":"CultistPotion"}],"is_trial":false,"path_per_floor":["M","?","T","M","?","R","E","M","T","?","M","R","M","M","R","B"],"character_chosen":"DEFECT","items_purchased":[],"campfire_rested":2,"item_purchase_floors":[],"current_hp_per_floor":[64,64,64,64,46,46,46,44,44,44,18,39,32,29,50,0],"gold":226,"neow_bonus":"THREE_ENEMY_KILL","is_prod":false,"is_daily":false,"chose_seed":false,"campfire_upgraded":1,"win_rate":0,"timestamp":1668708458,"path_taken":["M","?","?","?","?","R","E","M","T","?","M","R","?","M","R","BOSS"],"build_version":"2022-10-04","purchased_purges":0,"victory":false,"max_hp_per_floor":[71,71,71,71,71,71,71,71,71,71,71,71,71,71,71,71],"card_choices":[{"not_picked":["Steam","Recycle"],"picked":"Gash","floor":1},{"not_picked":["Darkness","Streamline"],"picked":"Genetic Algorithm","floor":4},{"not_picked":["Recycle","Beam Cell"],"picked":"Core Surge","floor":7},{"not_picked":["Fusion","Sweeping Beam"],"picked":"Reprogram","floor":8},{"not_picked":["Hologram","Redo","Rebound"],"picked":"SKIP","floor":11},{"not_picked":["Cold Snap","Beam Cell"],"picked":"Gash","floor":12},{"not_picked":["Go for the Eyes","Conserve Battery","Steam"],"picked":"SKIP","floor":13},{"not_picked":["Go for the Eyes","Conserve Battery","Steam"],"picked":"SKIP","floor":13},{"not_picked":["Lockon","Rip and Tear","Meteor Strike"],"picked":"SKIP","floor":14}],"player_experience":1944222,"relics_obtained":[{"floor":3,"key":"Thread and Needle"},{"floor":7,"key":"The Courier"},{"floor":9,"key":"StoneCalendar"}],"event_choices":[{"damage_healed":0,"gold_gain":0,"cards_transformed":["Strike_B"],"player_choice":"Change","damage_taken":0,"max_hp_gain":0,"max_hp_loss":0,"event_name":"Living Wall","floor":2,"gold_loss":0,"cards_obtained":["Blizzard"]},{"damage_healed":0,"gold_gain":0,"player_choice":"Success","damage_taken":18,"relics_obtained":["Dream Catcher"],"max_hp_gain":0,"max_hp_loss":0,"event_name":"Scrap Ooze","floor":5,"gold_loss":0},{"damage_healed":0,"gold_gain":0,"player_choice":"Take Wound","damage_taken":0,"relics_obtained":["Golden Idol"],"max_hp_gain":0,"max_hp_loss":0,"event_name":"Golden Idol","floor":10,"gold_loss":0,"cards_obtained":["Injury"]}],"is_beta":false,"boss_relics":[],"items_purged_floors":[],"is_endless":false,"potions_floor_spawned":[8,13,14],"killed_by":"The Guardian","ascension_level":20}