{"gold_per_floor":[119,131,131,131,145,173,188,188],"floor_reached":8,"playtime":196,"items_purged":[],"score":116,"play_id":"43d4fd03-585a-48b4-9854-2d57b844ec24","local_time":"20230206211344","is_ascension_mode":true,"campfire_choices":[],"neow_cost":"NONE","seed_source_timestamp":908564668362300,"circlet_count":0,"master_deck":["AscendersBane","Strike_B","Strike_B","Strike_B","Strike_B","Defend_B","Defend_B","Defend_B","Defend_B","Zap","Dualcast","Melter","Doom and Gloom","Lockon","Coolheaded","Conserve Battery"],"relics":["Sozu","Bronze Scales","Ginger"],"potions_floor_usage":[],"damage_taken":[{"damage":0,"enemies":"Jaw Worm","floor":1,"turns":3},{"damage":9,"enemies":"2 Louse","floor":2,"turns":3},{"damage":0,"enemies":"Cultist","floor":5,"turns":2},{"damage":15,"enemies":"3 Sentries","floor":6,"turns":6},{"damage":6,"enemies":"2 Fungi Beasts","floor":7,"turns":3},{"damage":32,"enemies":"Gremlin Nob","floor":8,"turns":3}],"seed_played":"-6428720654125926619","potions_obtained":[],"is_trial":false,"path_per_floor":["M","M","?","?","M","E","M","E"],"character_chosen":"DEFECT","items_purchased":[],"campfire_rested":0,"item_purchase_floors":[],"current_hp_per_floor":[64,55,44,44,44,29,23,0],"gold":188,"neow_bonus":"BOSS_RELIC","is_prod":false,"is_daily":false,"chose_seed":false,"campfire_upgraded":0,"win_rate":0,"timestamp":1675714424,"path_taken":["M","M","?","?","?","E","M","E"],"build_version":"2022-12-18","purchased_purges":0,"victory":false,"max_hp_per_floor":[71,71,71,71,71,71,71,71],"card_choices":[{"not_picked":["White Noise","Beam Cell"],"picked":"Melter","floor":1},{"not_picked":["Steam Power","Consume"],"picked":"Doom and Gloom","floor":2},{"not_picked":["Streamline","Gash"],"picked":"Lockon","floor":5},{"not_picked":["Leap","Turbo"],"picked":"Coolheaded","floor":6},{"not_picked":["White Noise","Ball Lightning"],"picked":"Conserve Battery","floor":7}],"player_experience":2109925,"relics_obtained":[{"floor":6,"key":"Ginger"}],"event_choices":[{"damage_healed":0,"gold_gain":0,"player_choice":"Success","damage_taken":11,"relics_obtained":["Bronze Scales"],"max_hp_gain":0,"max_hp_loss":0,"event_name":"Scrap Ooze","floor":3,"gold_loss":0},{"damage_healed":0,"gold_gain":0,"player_choice":"Ignored","damage_taken":0,"max_hp_gain":0,"max_hp_loss":0,"event_name":"Shining Light","floor":4,"gold_loss":0}],"is_beta":false,"boss_relics":[],"items_purged_floors":[],"is_endless":false,"potions_floor_spawned":[1,2,7],"killed_by":"Gremlin Nob","ascension_level":20}