{"gold_per_floor":[112,112,125,50,15,15,15,48,48,48,75,94,107,28,28,101,101,111,111,36,36,56,81,61,61],"floor_reached":25,"playtime":849,"items_purged":["Decay"],"score":454,"play_id":"ddc34908-7ae9-4f8d-9259-e58052e246e2","local_time":"20230301200917","is_ascension_mode":true,"campfire_choices":[{"data":"Zap","floor":7,"key":"SMITH"},{"floor":10,"key":"REST"},{"data":"Loop","floor":15,"key":"SMITH"}],"neow_cost":"CURSE","seed_source_timestamp":31895212450600,"circlet_count":0,"master_deck":["AscendersBane","Strike_B","Strike_B","Strike_B","Defend_B","Defend_B","Defend_B","Defend_B","Zap+1","Dualcast","Cold Snap","Barrage","Leap","Sweeping Beam","Go for the Eyes","Rainbow","Loop+1","Machine Learning","Auto Shields","Necronomicurse","Ball Lightning+1","Redo"],"relics":["Cracked Core","Emotion Chip","Incense Burner","Gremlin Horn","Pear","Blue Candle","Nuclear Battery","Necronomicon","Orichalcum"],"potions_floor_usage":[13,16,18,22,23,25,25],"damage_taken":[{"damage":16,"enemies":"Jaw Worm","floor":1,"turns":4},{"damage":12,"enemies":"Small Slimes","floor":3,"turns":3},{"damage":13,"enemies":"Lagavulin","floor":8,"turns":6},{"damage":22,"enemies":"3 Sentries","floor":11,"turns":10},{"damage":0,"enemies":"2 Louse","floor":12,"turns":2},{"damage":0,"enemies":"Large Slime","floor":13,"turns":4},{"damage":21,"enemies":"The Guardian","floor":16,"turns":10},{"damage":11,"enemies":"Shell Parasite","floor":18,"turns":5},{"damage":5,"enemies":"2 Thieves","floor":22,"turns":4},{"damage":14,"enemies":"Gremlin Leader","floor":23,"turns":6},{"damage":17,"enemies":"Slavers","floor":25,"turns":1}],"seed_played":"448479557029229671","potions_obtained":[{"floor":11,"key":"Weak Potion"},{"floor":12,"key":"Block Potion"},{"floor":16,"key":"GamblersBrew"},{"floor":21,"key":"FocusPotion"},{"floor":21,"key":"Explosive Potion"},{"floor":22,"key":"EssenceOfSteel"},{"floor":24,"key":"SneckoOil"}],"is_trial":false,"path_per_floor":["M","?","M","$","?","$","R","E","T","R","E","M","M","$","R","B",null,"M","?","?","?","M","E","?","E"],"character_chosen":"DEFECT","items_purchased":["Loop"],"campfire_rested":1,"item_purchase_floors":[14],"current_hp_per_floor":[48,30,18,18,35,35,35,22,32,56,34,34,34,34,34,13,64,53,32,32,32,27,13,13,0],"gold":61,"neow_bonus":"ONE_RARE_RELIC","is_prod":false,"is_daily":false,"chose_seed":false,"campfire_upgraded":2,"win_rate":0,"timestamp":1677697757,"path_taken":["M","?","M","$","?","$","R","E","T","R","E","M","M","$","R","BOSS","M","?","?","?","?","E","?","E"],"build_version":"2022-12-18","purchased_purges":1,"victory":false,"max_hp_per_floor":[71,71,71,71,71,71,71,71,81,81,81,81,81,81,81,81,81,81,81,81,81,81,81,81,81],"card_choices":[{"not_picked":["BootSequence","Barrage"],"picked":"Cold Snap","floor":1},{"not_picked":["Skim","Glacier"],"picked":"Barrage","floor":3},{"not_picked":["Reprogram","Stack"],"picked":"Leap","floor":8},{"not_picked":["Go for the Eyes","Static Discharge"],"picked":"Sweeping Beam","floor":11},{"not_picked":["Rebound","Redo"],"picked":"Go for the Eyes","floor":12},{"not_picked":["Doom and Gloom","Gash"],"picked":"Rainbow","floor":13},{"not_picked":["Rainbow","Hyperbeam"],"picked":"Machine Learning","floor":16},{"not_picked":["Blizzard","Barrage"],"picked":"Auto Shields","floor":18},{"not_picked":["Turbo","Steam"],"picked":"Ball Lightning+1","floor":22},{"not_picked":["Genetic Algorithm","Force Field"],"picked":"Redo","floor":23}],"player_experience":2183839,"relics_obtained":[{"floor":8,"key":"Gremlin Horn"},{"floor":9,"key":"Pear"},{"floor":11,"key":"Blue Candle"},{"floor":19,"key":"Necronomicon"},{"floor":23,"key":"Orichalcum"}],"event_choices":[{"damage_healed":0,"gold_gain":0,"player_choice":"Success","damage_taken":18,"relics_obtained":["Incense Burner"],"max_hp_gain":0,"max_hp_loss":0,"event_name":"Scrap Ooze","floor":2,"gold_loss":0},{"damage_healed":17,"gold_gain":0,"player_choice":"Healed","damage_taken":0,"max_hp_gain":0,"max_hp_loss":0,"event_name":"The Cleric","floor":5,"gold_loss":35},{"damage_healed":0,"gold_gain":0,"player_choice":"Obtained Book","damage_taken":21,"max_hp_gain":0,"max_hp_loss":0,"event_name":"Cursed Tome","floor":19,"gold_loss":0},{"cards_removed":["Strike_B"],"damage_healed":0,"gold_gain":0,"player_choice":"Gave Gold","damage_taken":0,"max_hp_gain":0,"max_hp_loss":0,"event_name":"Beggar","floor":20,"gold_loss":75},{"damage_healed":0,"gold_gain":0,"player_choice":"Got Potions","damage_taken":0,"max_hp_gain":0,"max_hp_loss":0,"event_name":"Lab","floor":21,"gold_loss":0},{"damage_healed":0,"gold_gain":0,"player_choice":"Bought 1 Potion","damage_taken":0,"max_hp_gain":0,"max_hp_loss":0,"event_name":"The Woman in Blue","floor":24,"gold_loss":0}],"is_beta":false,"boss_relics":[{"not_picked":["Fusion Hammer","Coffee Dripper"],"picked":"Nuclear Battery"}],"items_purged_floors":[4],"is_endless":false,"potions_floor_spawned":[11,12,16,22],"killed_by":"Slavers","ascension_level":20}