{"gold_per_floor":[115,40,40,190,190,224,224,251,276,37,37,64,80,92,92,92],"floor_reached":16,"playtime":400,"items_purged":["Regret"],"score":332,"play_id":"01fcae1f-9b19-40bf-94ad-2c514676461f","local_time":"20230301153508","is_ascension_mode":true,"campfire_choices":[{"data":"Zap","floor":7,"key":"SMITH"},{"floor":15,"key":"REST"}],"neow_cost":"NONE","seed_source_timestamp":15893252074500,"circlet_count":0,"master_deck":["AscendersBane","Strike_B","Strike_B","Strike_B+1","Defend_B","Defend_B","Defend_B","Defend_B","Zap+1","Dualcast","Genetic Algorithm+1","Doubt","Reprogram","Compile Driver","Gash","Stack","FTL","Leap"],"relics":["Cracked Core","NeowsBlessing","White Beast Statue","StrikeDummy","Dream Catcher","Blood Vial","Toy Ornithopter","Pen Nib","Blue Candle"],"potions_floor_usage":[12,12,13,16],"damage_taken":[{"damage":0,"enemies":"Cultist","floor":1,"turns":1},{"damage":0,"enemies":"3 Sentries","floor":6,"turns":1},{"damage":0,"enemies":"Gremlin Nob","floor":8,"turns":1},{"damage":44,"enemies":"Lagavulin","floor":12,"turns":9},{"damage":3,"enemies":"Jaw Worm","floor":13,"turns":4},{"damage":3,"enemies":"Small Slimes","floor":14,"turns":4},{"damage":77,"enemies":"Slime Boss","floor":16,"turns":12}],"seed_played":"-5106156952842849690","potions_obtained":[{"floor":1,"key":"SkillPotion"},{"floor":6,"key":"SkillPotion"},{"floor":8,"key":"Weak Potion"},{"floor":12,"key":"Regen Potion"},{"floor":13,"key":"Block Potion"},{"floor":14,"key":"FairyPotion"}],"is_trial":false,"path_per_floor":["M","?","?","?","?","E","R","E","T","$","?","E","M","M","R","B"],"character_chosen":"DEFECT","items_purchased":["Toy Ornithopter"],"campfire_rested":1,"item_purchase_floors":[10],"current_hp_per_floor":[64,64,64,64,43,43,43,43,43,43,38,6,22,21,42,0],"gold":92,"neow_bonus":"THREE_ENEMY_KILL","is_prod":false,"is_daily":false,"chose_seed":false,"campfire_upgraded":1,"win_rate":0,"timestamp":1677681308,"path_taken":["M","?","?","?","?","E","R","E","T","$","?","E","M","?","R","BOSS"],"build_version":"2022-12-18","purchased_purges":1,"victory":false,"max_hp_per_floor":[71,71,71,71,71,71,71,71,71,71,71,71,71,71,71,71],"card_choices":[{"not_picked":["Go for the Eyes","Steam"],"picked":"Genetic Algorithm","floor":1},{"not_picked":["Sweeping Beam","Steam"],"picked":"Reprogram","floor":6},{"not_picked":["Steam","Redo"],"picked":"Compile Driver","floor":8},{"not_picked":["Stack","Force Field"],"picked":"Gash","floor":12},{"not_picked":["Compile Driver","Turbo"],"picked":"Stack","floor":13},{"not_picked":["Go for the Eyes","Ball Lightning"],"picked":"FTL","floor":14},{"not_picked":["Redo","Steam Power"],"picked":"Leap","floor":15}],"player_experience":2180717,"relics_obtained":[{"floor":6,"key":"StrikeDummy"},{"floor":8,"key":"Dream Catcher"},{"floor":9,"key":"Blood Vial"},{"floor":12,"key":"Blue Candle"}],"event_choices":[{"cards_removed":["Strike_B"],"damage_healed":0,"gold_gain":0,"player_choice":"Card Removal","damage_taken":0,"max_hp_gain":0,"max_hp_loss":0,"event_name":"The Cleric","floor":2,"gold_loss":75},{"damage_healed":0,"gold_gain":0,"player_choice":"Box","damage_taken":0,"relics_obtained":["White Beast Statue"],"max_hp_gain":0,"max_hp_loss":0,"event_name":"Big Fish","floor":3,"gold_loss":0,"cards_obtained":["Regret"]},{"damage_healed":0,"gold_gain":150,"player_choice":"AGREE","damage_taken":0,"max_hp_gain":0,"max_hp_loss":0,"event_name":"Liars Game","floor":4,"gold_loss":0,"cards_obtained":["Doubt"]},{"damage_healed":0,"gold_gain":0,"player_choice":"Entered Light","damage_taken":21,"max_hp_gain":0,"max_hp_loss":0,"event_name":"Shining Light","floor":5,"gold_loss":0,"cards_upgraded":["Strike_B","Genetic Algorithm"]},{"damage_healed":0,"gold_gain":0,"player_choice":"Success","damage_taken":5,"relics_obtained":["Pen Nib"],"max_hp_gain":0,"max_hp_loss":0,"event_name":"Scrap Ooze","floor":11,"gold_loss":0}],"is_beta":false,"boss_relics":[],"items_purged_floors":[10],"is_endless":false,"potions_floor_spawned":[1,6,8,12,13,14],"killed_by":"Slime Boss","ascension_level":20}