{"gold_per_floor":[110,130,142,142,142,186,207,241,265,265,303,353,373,394,394,394],"floor_reached":16,"playtime":480,"items_purged":[],"score":244,"play_id":"ae889464-daae-4e71-b281-eabf62d75484","local_time":"20230301202201","is_ascension_mode":true,"campfire_choices":[{"floor":10,"key":"REST"},{"floor":15,"key":"REST"}],"neow_cost":"NONE","seed_source_timestamp":33027929072000,"circlet_count":0,"master_deck":["AscendersBane","Strike_B","Strike_B","Strike_B","Strike_B","Defend_B","Defend_B","Defend_B","Defend_B","Zap","Dualcast","Reinforced Body+1","Coolheaded","Core Surge","Injury","Cold Snap","Leap","Biased Cognition","Defragment","Sweeping Beam"],"relics":["Cracked Core","NeowsBlessing","Golden Idol","DataDisk","Potion Belt","Nunchaku","Bag of Marbles"],"potions_floor_usage":[7,8,16],"damage_taken":[{"damage":0,"enemies":"Cultist","floor":1,"turns":1},{"damage":0,"enemies":"2 Louse","floor":2,"turns":1},{"damage":0,"enemies":"Small Slimes","floor":3,"turns":1},{"damage":37,"enemies":"Gremlin Nob","floor":6,"turns":6},{"damage":9,"enemies":"3 Louse","floor":7,"turns":4},{"damage":16,"enemies":"3 Sentries","floor":8,"turns":7},{"damage":7,"enemies":"Lagavulin","floor":11,"turns":7},{"damage":10,"enemies":"Exordium Wildlife","floor":13,"turns":6},{"damage":0,"enemies":"2 Fungi Beasts","floor":14,"turns":3},{"damage":29,"enemies":"Slime Boss","floor":16,"turns":7}],"seed_played":"1433527733608843511","potions_obtained":[{"floor":1,"key":"LiquidBronze"},{"floor":3,"key":"Dexterity Potion"},{"floor":8,"key":"LiquidBronze"},{"floor":11,"key":"LiquidBronze"},{"floor":14,"key":"FocusPotion"}],"is_trial":false,"path_per_floor":["M","M","M","?","?","E","M","E","T","R","E","?","M","M","R","B"],"character_chosen":"DEFECT","items_purchased":[],"campfire_rested":2,"item_purchase_floors":[],"current_hp_per_floor":[64,64,64,64,64,27,18,2,2,23,16,16,6,6,27,0],"gold":394,"neow_bonus":"THREE_ENEMY_KILL","is_prod":false,"is_daily":false,"chose_seed":false,"campfire_upgraded":0,"win_rate":0,"timestamp":1677698521,"path_taken":["M","M","M","?","?","E","?","E","T","R","E","?","M","?","R","BOSS"],"build_version":"2022-12-18","purchased_purges":0,"victory":false,"max_hp_per_floor":[71,71,71,71,71,71,71,71,71,71,71,71,71,71,71,71],"card_choices":[{"not_picked":["Storm","Redo"],"picked":"Reinforced Body","floor":1},{"not_picked":["Turbo","Redo"],"picked":"Coolheaded","floor":2},{"not_picked":["Ball Lightning","Beam Cell"],"picked":"Core Surge","floor":3},{"not_picked":["Go for the Eyes","Conserve Battery"],"picked":"Cold Snap","floor":6},{"not_picked":["Rebound","Auto Shields"],"picked":"Leap","floor":7},{"not_picked":["Scrape","Leap"],"picked":"Biased Cognition","floor":8},{"not_picked":["Multi-Cast","Undo"],"picked":"Defragment","floor":11},{"not_picked":["Streamline","Rebound"],"picked":"Sweeping Beam","floor":13},{"not_picked":["Streamline","Leap","Genetic Algorithm"],"picked":"SKIP","floor":14}],"player_experience":2184943,"relics_obtained":[{"floor":6,"key":"DataDisk"},{"floor":8,"key":"Potion Belt"},{"floor":9,"key":"Nunchaku"},{"floor":11,"key":"Bag of Marbles"}],"event_choices":[{"damage_healed":0,"gold_gain":0,"player_choice":"Take Wound","damage_taken":0,"relics_obtained":["Golden Idol"],"max_hp_gain":0,"max_hp_loss":0,"event_name":"Golden Idol","floor":4,"gold_loss":0,"cards_obtained":["Injury"]},{"damage_healed":0,"gold_gain":0,"player_choice":"Upgraded","damage_taken":0,"max_hp_gain":0,"max_hp_loss":0,"event_name":"Upgrade Shrine","floor":5,"gold_loss":0,"cards_upgraded":["Reinforced Body"]},{"damage_healed":0,"gold_gain":50,"player_choice":"Pray","damage_taken":0,"max_hp_gain":0,"max_hp_loss":0,"event_name":"Golden Shrine","floor":12,"gold_loss":0}],"is_beta":false,"boss_relics":[],"items_purged_floors":[],"is_endless":false,"potions_floor_spawned":[1,3,8,11,14],"killed_by":"Slime Boss","ascension_level":20}