{"gold_per_floor":[118,118,167,167,1,16,29,29,103,137,102,118,118,152,152,246,246,269,287,337,17,17,17,57,57],"floor_reached":25,"playtime":600,"items_purged":[],"score":554,"play_id":"f39f1158-54a9-4e36-90d6-c9a969c54ea3","local_time":"20230227123706","is_ascension_mode":true,"campfire_choices":[{"data":"Electrodynamics","floor":13,"key":"SMITH"},{"floor":15,"key":"DIG"},{"floor":23,"key":"DIG"}],"neow_cost":"NONE","seed_source_timestamp":7608509086000,"circlet_count":0,"master_deck":["AscendersBane","Strike_B+1","Strike_B+1","Defend_B","Defend_B","Defend_B","Zap","Dualcast","Electrodynamics+1","Reinforced Body","Core Surge","Coolheaded","Go for the Eyes","Redo","Defragment+1","Ball Lightning","Machine Learning+1","Force Field","Loop+1","Echo Form+1"],"relics":["Cracked Core","Golden Idol","Anchor","Frozen Egg 2","Du-Vu Doll","Shovel","Art of War","Empty Cage","Ancient Tea Set","TungstenRod","Bag of Marbles"],"potions_floor_usage":[10,14,25],"damage_taken":[{"damage":0,"enemies":"2 Louse","floor":1,"turns":1},{"damage":0,"enemies":"Jaw Worm","floor":6,"turns":2},{"damage":1,"enemies":"Cultist","floor":7,"turns":3},{"damage":6,"enemies":"Gremlin Nob","floor":10,"turns":3},{"damage":10,"enemies":"Large Slime","floor":12,"turns":6},{"damage":4,"enemies":"3 Sentries","floor":14,"turns":4},{"damage":0,"enemies":"Slime Boss","floor":16,"turns":5},{"damage":14,"enemies":"2 Thieves","floor":18,"turns":3},{"damage":15,"enemies":"Spheric Guardian","floor":19,"turns":4},{"damage":21,"enemies":"Book of Stabbing","floor":24,"turns":7},{"damage":13,"enemies":"Shelled Parasite and Fungi","floor":25,"turns":2}],"seed_played":"8617221707264462304","potions_obtained":[{"floor":1,"key":"Block Potion"},{"floor":6,"key":"AttackPotion"},{"floor":10,"key":"Explosive Potion"},{"floor":24,"key":"EssenceOfDarkness"}],"is_trial":false,"path_per_floor":["M","?","T","?","$","M","M","?","T","E","?","M","R","E","R","B",null,"M","M","?","$","?","R","E","M"],"character_chosen":"DEFECT","items_purchased":["Core Surge","Ancient Tea Set","Force Field","Loop+1"],"campfire_rested":0,"item_purchase_floors":[5,21,21,21],"current_hp_per_floor":[64,64,64,64,64,64,63,42,42,36,53,43,43,39,39,39,63,49,34,34,34,34,34,13,0],"gold":57,"neow_bonus":"ONE_RANDOM_RARE_CARD","is_prod":false,"is_daily":false,"chose_seed":false,"campfire_upgraded":1,"win_rate":0,"timestamp":1677497826,"path_taken":["M","?","?","?","?","?","M","?","T","E","?","M","R","E","R","BOSS","M","M","?","$","?","R","E","M"],"build_version":"2022-12-18","purchased_purges":0,"victory":false,"max_hp_per_floor":[71,71,71,71,71,71,71,71,71,71,71,71,71,71,71,71,71,71,71,71,71,71,71,71,71],"card_choices":[{"not_picked":["Static Discharge","BootSequence"],"picked":"Reinforced Body","floor":1},{"not_picked":["Recycle","Hologram"],"picked":"Coolheaded","floor":6},{"not_picked":["FTL","BootSequence"],"picked":"Go for the Eyes","floor":7},{"not_picked":["Conserve Battery","Rebound"],"picked":"Redo","floor":10},{"not_picked":["Streamline","Self Repair+1"],"picked":"Defragment+1","floor":12},{"not_picked":["Double Energy","Steam"],"picked":"Ball Lightning","floor":14},{"not_picked":["Core Surge","Rainbow"],"picked":"Machine Learning+1","floor":16},{"not_picked":["Melter","Barrage","Rebound"],"picked":"SKIP","floor":18},{"not_picked":["Rebound","Hologram","Beam Cell"],"picked":"SKIP","floor":19},{"not_picked":["Ball Lightning+1","Glacier"],"picked":"Echo Form+1","floor":24}],"player_experience":2176090,"relics_obtained":[{"floor":3,"key":"Anchor"},{"floor":9,"key":"Frozen Egg 2"},{"floor":10,"key":"Du-Vu Doll"},{"floor":14,"key":"Shovel"},{"floor":15,"key":"Art of War"},{"floor":23,"key":"TungstenRod"},{"floor":24,"key":"Bag of Marbles"}],"event_choices":[{"damage_healed":0,"gold_gain":0,"player_choice":"Take Wound","damage_taken":0,"relics_obtained":["Golden Idol"],"max_hp_gain":0,"max_hp_loss":0,"event_name":"Golden Idol","floor":2,"gold_loss":0,"cards_obtained":["Injury"]},{"cards_removed":["Injury"],"damage_healed":0,"gold_gain":0,"player_choice":"Forget","damage_taken":0,"max_hp_gain":0,"max_hp_loss":0,"event_name":"Living Wall","floor":4,"gold_loss":0},{"damage_healed":0,"gold_gain":0,"player_choice":"Entered Light","damage_taken":21,"max_hp_gain":0,"max_hp_loss":0,"event_name":"Shining Light","floor":8,"gold_loss":0,"cards_upgraded":["Strike_B","Strike_B"]},{"damage_healed":17,"gold_gain":0,"player_choice":"Healed","damage_taken":0,"max_hp_gain":0,"max_hp_loss":0,"event_name":"The Cleric","floor":11,"gold_loss":35},{"damage_healed":0,"gold_gain":50,"player_choice":"Stole From Cult","damage_taken":0,"max_hp_gain":0,"max_hp_loss":0,"event_name":"Nest","floor":20,"gold_loss":0},{"cards_removed":["Defend_B"],"damage_healed":0,"gold_gain":0,"player_choice":"Purged","damage_taken":0,"max_hp_gain":0,"max_hp_loss":0,"event_name":"Purifier","floor":22,"gold_loss":0}],"is_beta":false,"boss_relics":[{"not_picked":["Velvet Choker","Tiny House"],"picked":"Empty Cage"}],"items_purged_floors":[],"is_endless":false,"potions_floor_spawned":[1,6,10,24],"killed_by":"Shelled Parasite and Fungi","ascension_level":20}