{"gold_per_floor":[117,131,32,32,32,32,61,61,86,105,130,130,474,500,500,586,613,633,633,633,191,220,255,255,291,291,291,291,329,329,371,371,457,457,469,469,298,141,166,166,196,196,196,233,253,287,90,118,118,118],"floor_reached":50,"playtime":3164,"items_purged":["Strike_B"],"score":1295,"play_id":"36878d74-3630-4c30-8a0c-525dee856073","local_time":"20230302211048","is_ascension_mode":true,"campfire_choices":[{"data":"Dualcast","floor":6,"key":"SMITH"},{"data":"Leap","floor":8,"key":"SMITH"},{"floor":15,"key":"REST"},{"data":"Biased Cognition","floor":24,"key":"SMITH"},{"floor":27,"key":"REST"},{"floor":30,"key":"REST"},{"floor":32,"key":"REST"},{"data":"Double Energy","floor":40,"key":"SMITH"},{"floor":42,"key":"DIG"},{"floor":49,"key":"RECALL"}],"neow_cost":"NONE","seed_source_timestamp":119674037547400,"circlet_count":0,"master_deck":["AscendersBane","Defend_B","Defend_B","Defend_B","Zap+1","Dualcast+1","Melter+1","Sweeping Beam+1","Flash of Steel","Fission","Leap+1","Gash","Double Energy+1","Core Surge","Buffer","Lockon+1","Static Discharge+1","Conserve Battery","Chill","Defragment","Gash+1","Biased Cognition+1","Reboot","Aggregate","Turbo+1","Reboot","Melter","Defragment+1","Echo Form","Leap+1","Apotheosis","Leap","Ball Lightning+1"],"relics":["Cracked Core","NeowsBlessing","Regal Pillow","Tiny Chest","CeramicFish","Dead Branch","Old Coin","Astrolabe","Pocketwatch","Pear","Centennial Puzzle","Anchor","White Beast Statue","MutagenicStrength","Lizard Tail","Question Card","Busted Crown","HornCleat","OrangePellets","ClockworkSouvenir","Shovel","Whetstone","Gambling Chip","Omamori"],"potions_floor_usage":[23,25,33,50],"damage_taken":[{"damage":0,"enemies":"Jaw Worm","floor":1,"turns":1},{"damage":0,"enemies":"2 Louse","floor":2,"turns":1},{"damage":0,"enemies":"Lagavulin","floor":7,"turns":1},{"damage":0,"enemies":"Cultist","floor":10,"turns":3},{"damage":57,"enemies":"Gremlin Nob","floor":13,"turns":5},{"damage":0,"enemies":"Looter","floor":14,"turns":3},{"damage":9,"enemies":"Slime Boss","floor":16,"turns":14},{"damage":15,"enemies":"3 Byrds","floor":18,"turns":3},{"damage":4,"enemies":"Chosen","floor":22,"turns":3},{"damage":30,"enemies":"Slavers","floor":23,"turns":4},{"damage":44,"enemies":"Book of Stabbing","floor":25,"turns":4},{"damage":24,"enemies":"Slavers","floor":29,"turns":6},{"damage":4,"enemies":"Book of Stabbing","floor":31,"turns":3},{"damage":11,"enemies":"Champ","floor":33,"turns":7},{"damage":0,"enemies":"Orb Walker","floor":35,"turns":3},{"damage":0,"enemies":"3 Shapes","floor":39,"turns":4},{"damage":17,"enemies":"Reptomancer","floor":41,"turns":3},{"damage":12,"enemies":"Nemesis","floor":44,"turns":5},{"damage":0,"enemies":"Transient","floor":45,"turns":6},{"damage":38,"enemies":"Giant Head","floor":46,"turns":6},{"damage":22,"enemies":"Jaw Worm Horde","floor":48,"turns":3},{"damage":51,"enemies":"Donu and Deca","floor":50,"turns":7}],"seed_played":"6357244885310539686","potions_obtained":[{"floor":10,"key":"FairyPotion"},{"floor":13,"key":"AttackPotion"},{"floor":16,"key":"EssenceOfDarkness"},{"floor":18,"key":"Dexterity Potion"},{"floor":29,"key":"SteroidPotion"},{"floor":31,"key":"Dexterity Potion"},{"floor":33,"key":"Ancient Potion"},{"floor":35,"key":"CultistPotion"}],"is_trial":false,"path_per_floor":["M","M","$","?","?","R","E","R","T","M","T","T","E","M","R","B",null,"M","T","?","$","M","E","R","E","T","R","?","E","R","E","R","B",null,"M","T","$","$","M","R","E","R","T","E","M","E","$","M","R","B"],"character_chosen":"DEFECT","items_purchased":["Flash of Steel","Chill","Defragment","Pear","OrangePellets","ClockworkSouvenir","Apotheosis","Leap"],"campfire_rested":4,"item_purchase_floors":[3,21,21,21,37,38,47,47],"current_hp_per_floor":[64,64,64,43,43,43,43,43,43,43,43,43,21,21,57,48,65,50,50,71,81,77,47,47,3,3,42,42,18,57,53,81,70,78,78,78,78,78,78,78,61,61,61,49,49,11,11,40,40,0],"gold":118,"neow_bonus":"THREE_ENEMY_KILL","is_prod":false,"is_daily":false,"chose_seed":false,"campfire_upgraded":4,"win_rate":0,"timestamp":1677787848,"path_taken":["M","M","$","?","?","R","E","R","T","M","?","?","E","?","R","BOSS","M","?","?","$","?","E","R","E","T","R","?","E","R","E","R","BOSS","M","?","?","$","M","R","E","R","T","E","M","E","?","?","R","BOSS"],"build_version":"2022-12-18","purchased_purges":1,"victory":false,"max_hp_per_floor":[71,71,71,71,71,71,71,71,71,71,71,71,71,71,71,71,71,71,71,71,81,81,81,81,81,81,81,81,81,81,81,81,81,81,81,81,81,81,81,81,81,81,81,81,81,81,81,81,81,81],"card_choices":[{"not_picked":["Streamline","Hologram"],"picked":"Melter","floor":1},{"not_picked":["Beam Cell","Turbo"],"picked":"Sweeping Beam","floor":2},{"not_picked":["Cold Snap","Steam Power"],"picked":"Leap","floor":7},{"not_picked":["Undo","Compile Driver"],"picked":"Gash","floor":10},{"not_picked":["Compile Driver","Rebound"],"picked":"Double Energy","floor":13},{"not_picked":["Fusion","Static Discharge"],"picked":"Core Surge","floor":14},{"not_picked":["Electrodynamics","Core Surge"],"picked":"Buffer","floor":16},{"not_picked":["Go for the Eyes+1","Fusion"],"picked":"Conserve Battery","floor":18},{"not_picked":["Redo","Beam Cell"],"picked":"Gash","floor":22},{"not_picked":["Stack","Compile Driver+1"],"picked":"Biased Cognition","floor":23},{"not_picked":["Turbo","Beam Cell"],"picked":"Reboot","floor":25},{"not_picked":["Cold Snap","Multi-Cast"],"picked":"Aggregate","floor":29},{"not_picked":["Defragment","Hologram"],"picked":"Turbo+1","floor":31},{"not_picked":["Meteor Strike","Hyperbeam","Thunder Strike"],"picked":"Reboot","floor":33},{"not_picked":["Redo+1","Chaos"],"picked":"SKIP","floor":35},{"not_picked":["Genetic Algorithm"],"picked":"Melter","floor":39},{"not_picked":["Beam Cell+1","Melter"],"picked":"SKIP","floor":41},{"not_picked":["Streamline+1"],"picked":"Defragment+1","floor":44},{"not_picked":["Barrage"],"picked":"Echo Form","floor":45},{"not_picked":["Steam"],"picked":"Leap+1","floor":46},{"not_picked":["Sweeping Beam"],"picked":"Ball Lightning+1","floor":48}],"player_experience":2191096,"relics_obtained":[{"floor":7,"key":"Regal Pillow"},{"floor":9,"key":"Tiny Chest"},{"floor":11,"key":"CeramicFish"},{"floor":12,"key":"Dead Branch"},{"floor":13,"key":"Old Coin"},{"floor":19,"key":"Pocketwatch"},{"floor":23,"key":"Centennial Puzzle"},{"floor":25,"key":"Anchor"},{"floor":26,"key":"White Beast Statue"},{"floor":29,"key":"Lizard Tail"},{"floor":31,"key":"Question Card"},{"floor":36,"key":"HornCleat"},{"floor":41,"key":"Shovel"},{"floor":42,"key":"Whetstone"},{"floor":44,"key":"Gambling Chip"},{"floor":46,"key":"Omamori"}],"event_choices":[{"damage_healed":0,"gold_gain":0,"player_choice":"Entered Light","damage_taken":21,"max_hp_gain":0,"max_hp_loss":0,"event_name":"Shining Light","floor":4,"gold_loss":0,"cards_upgraded":["Sweeping Beam","Zap"]},{"damage_healed":0,"gold_gain":0,"cards_transformed":["Strike_B"],"player_choice":"Change","damage_taken":0,"max_hp_gain":0,"max_hp_loss":0,"event_name":"Living Wall","floor":5,"gold_loss":0,"cards_obtained":["Fission"]},{"cards_removed":["Reprogram"],"damage_healed":21,"gold_gain":0,"player_choice":"Offered Uncommon","damage_taken":0,"max_hp_gain":0,"max_hp_loss":0,"event_name":"Bonfire Elementals","floor":20,"gold_loss":0},{"damage_healed":0,"gold_gain":0,"player_choice":"Inject Mutagens","damage_taken":0,"relics_obtained":["MutagenicStrength"],"max_hp_gain":0,"max_hp_loss":0,"event_name":"Drug Dealer","floor":28,"gold_loss":0}],"is_beta":false,"boss_relics":[{"not_picked":["Nuclear Battery","Calling Bell"],"picked":"Astrolabe"},{"not_picked":["Velvet Choker","Sozu"],"picked":"Busted Crown"}],"items_purged_floors":[21],"is_endless":false,"potions_floor_spawned":[10,13,16,18,22,29,31,33,35,39,41,44,45,46,48],"killed_by":"Donu and Deca","ascension_level":20}