{"gold_per_floor":[112,112,112,112,130,130,163,163,163,62,95,95,109,125,125,218,218,231,231,246,311,361,361],"floor_reached":23,"playtime":536,"items_purged":["Regret"],"score":448,"play_id":"4d9fab5e-8849-4948-b890-b920c77d80e3","local_time":"20230305121905","is_ascension_mode":true,"campfire_choices":[{"data":"Zap","floor":6,"key":"SMITH"},{"data":"Sweeping Beam","floor":8,"key":"SMITH"},{"floor":12,"key":"REST"},{"data":"Go for the Eyes","floor":15,"key":"SMITH"}],"neow_cost":"NONE","seed_source_timestamp":349598077460900,"circlet_count":0,"master_deck":["AscendersBane","Strike_B","Strike_B","Strike_B","Strike_B","Defend_B","Defend_B","Defend_B","Defend_B","Zap+1","Dualcast","Leap","Self Repair","Sweeping Beam+1","Go for the Eyes+1","Storm","Gash","Glacier","Creative AI","Conserve Battery","Chill"],"relics":["Cracked Core","NeowsBlessing","Shuriken","Golden Idol","Darkstone Periapt","Incense Burner","Bird Faced Urn","Bottled Tornado","Cursed Key","SsserpentHead"],"potions_floor_usage":[16,23],"damage_taken":[{"damage":0,"enemies":"Small Slimes","floor":1,"turns":1},{"damage":0,"enemies":"Jaw Worm","floor":5,"turns":1},{"damage":2,"enemies":"3 Sentries","floor":7,"turns":2},{"damage":32,"enemies":"Gremlin Nob","floor":11,"turns":4},{"damage":0,"enemies":"Cultist","floor":13,"turns":3},{"damage":7,"enemies":"Exordium Thugs","floor":14,"turns":4},{"damage":38,"enemies":"Slime Boss","floor":16,"turns":7},{"damage":39,"enemies":"Shell Parasite","floor":18,"turns":8},{"damage":48,"enemies":"2 Thieves","floor":20,"turns":4},{"damage":27,"enemies":"Cultist and Chosen","floor":21,"turns":6},{"damage":28,"enemies":"Gremlin Leader","floor":23,"turns":2}],"seed_played":"7466581411376623455","potions_obtained":[{"floor":1,"key":"Ancient Potion"},{"floor":7,"key":"EssenceOfDarkness"},{"floor":14,"key":"Energy Potion"},{"floor":18,"key":"Energy Potion"}],"is_trial":false,"path_per_floor":["M","?","?","T","M","R","E","R","T","$","E","R","M","M","R","B",null,"M","?","M","M","?","E"],"character_chosen":"DEFECT","items_purchased":["Go for the Eyes"],"campfire_rested":1,"item_purchase_floors":[10],"current_hp_per_floor":[64,64,40,40,40,40,45,45,45,45,22,43,45,49,49,22,59,51,51,18,16,16,0],"gold":361,"neow_bonus":"THREE_ENEMY_KILL","is_prod":false,"is_daily":false,"chose_seed":false,"campfire_upgraded":3,"win_rate":0,"timestamp":1678015145,"path_taken":["M","?","?","?","?","R","E","R","T","?","E","R","M","M","R","BOSS","M","?","M","?","?","E"],"build_version":"2022-12-18","purchased_purges":1,"victory":false,"max_hp_per_floor":[71,71,71,71,71,71,71,71,71,71,71,71,71,71,71,71,71,71,71,71,71,71,71],"card_choices":[{"not_picked":["Double Energy","Rebound"],"picked":"Leap","floor":1},{"not_picked":["Rebound","Streamline"],"picked":"Self Repair","floor":5},{"not_picked":["Hello World","Glacier"],"picked":"Sweeping Beam","floor":7},{"not_picked":["Hologram","Core Surge"],"picked":"Storm","floor":11},{"not_picked":["Reinforced Body","Hologram"],"picked":"Gash","floor":13},{"not_picked":["Rip and Tear","Barrage"],"picked":"Glacier","floor":14},{"not_picked":["Machine Learning","Fission"],"picked":"Creative AI","floor":16},{"not_picked":["Steam","Go for the Eyes","Reprogram"],"picked":"SKIP","floor":18},{"not_picked":["Ball Lightning","Hologram"],"picked":"Conserve Battery","floor":20},{"not_picked":["All For One","Tempest"],"picked":"Chill","floor":21}],"player_experience":2203653,"relics_obtained":[{"floor":4,"key":"Darkstone Periapt"},{"floor":7,"key":"Incense Burner"},{"floor":9,"key":"Bird Faced Urn"},{"floor":11,"key":"Bottled Tornado"}],"event_choices":[{"damage_healed":0,"gold_gain":0,"player_choice":"Box","damage_taken":0,"relics_obtained":["Shuriken"],"max_hp_gain":0,"max_hp_loss":0,"event_name":"Big Fish","floor":2,"gold_loss":0,"cards_obtained":["Regret"]},{"damage_healed":0,"gold_gain":0,"player_choice":"Take Damage","damage_taken":24,"relics_obtained":["Golden Idol"],"max_hp_gain":0,"max_hp_loss":0,"event_name":"Golden Idol","floor":3,"gold_loss":0},{"damage_healed":0,"gold_gain":0,"player_choice":"Trade","damage_taken":0,"relics_obtained":["SsserpentHead"],"max_hp_gain":0,"max_hp_loss":0,"event_name":"FaceTrader","floor":19,"gold_loss":0},{"damage_healed":0,"gold_gain":0,"player_choice":"Ignored","damage_taken":0,"max_hp_gain":0,"max_hp_loss":0,"event_name":"Vampires","floor":22,"gold_loss":0}],"is_beta":false,"boss_relics":[{"not_picked":["Empty Cage","Ectoplasm"],"picked":"Cursed Key"}],"items_purged_floors":[10],"is_endless":false,"potions_floor_spawned":[1,7,14,18],"killed_by":"Gremlin Leader","ascension_level":20}