{"gold_per_floor":[118,131,142,25,75,103,103,131,131,156,173,16,16,16,16,101,101,129,29],"floor_reached":19,"playtime":661,"items_purged":["Strike_B"],"score":354,"play_id":"6dcd827f-17c9-4d12-a246-9a5f56d528ff","local_time":"20230309225709","is_ascension_mode":true,"campfire_choices":[{"floor":7,"key":"REST"},{"floor":13,"key":"REST"},{"data":"Creative AI","floor":15,"key":"SMITH"}],"neow_cost":"NONE","seed_source_timestamp":733366659017100,"circlet_count":0,"master_deck":["AscendersBane","Strike_B","Strike_B","Defend_B","Defend_B","Defend_B","Zap","Dualcast","Creative AI+1","Compile Driver","Hologram","Reboot","Coolheaded","Loop","Melter","Biased Cognition","Conserve Battery"],"relics":["Cracked Core","Ancient Tea Set","Eternal Feather","CeramicFish","OrangePellets","Omamori","Empty Cage"],"potions_floor_usage":[8,8,11,16],"damage_taken":[{"damage":4,"enemies":"Jaw Worm","floor":1,"turns":4},{"damage":12,"enemies":"Cultist","floor":2,"turns":4},{"damage":11,"enemies":"Small Slimes","floor":3,"turns":4},{"damage":10,"enemies":"Lagavulin","floor":6,"turns":6},{"damage":15,"enemies":"3 Sentries","floor":8,"turns":8},{"damage":8,"enemies":"Red Slaver","floor":10,"turns":5},{"damage":16,"enemies":"Large Slime","floor":11,"turns":6},{"damage":41,"enemies":"Slime Boss","floor":16,"turns":10},{"damage":25,"enemies":"Shell Parasite","floor":18,"turns":5},{"damage":30,"enemies":"2 Thieves","floor":19,"turns":3}],"seed_played":"2845492200439496226","potions_obtained":[{"floor":2,"key":"Block Potion"},{"floor":3,"key":"SpeedPotion"},{"floor":6,"key":"EntropicBrew"}],"is_trial":false,"path_per_floor":["M","M","M","$","?","E","R","E","T","M","M","$","R","?","R","B",null,"M","M"],"character_chosen":"DEFECT","items_purchased":["Static Discharge","OrangePellets"],"campfire_rested":2,"item_purchase_floors":[4,12],"current_hp_per_floor":[60,48,37,37,37,27,48,33,33,25,9,9,39,39,48,7,55,30,0],"gold":29,"neow_bonus":"ONE_RANDOM_RARE_CARD","is_prod":false,"is_daily":false,"chose_seed":false,"campfire_upgraded":1,"win_rate":0,"timestamp":1678399029,"path_taken":["M","M","M","$","?","E","R","E","T","M","M","?","R","?","R","BOSS","M","M"],"build_version":"2022-12-18","purchased_purges":1,"victory":false,"max_hp_per_floor":[71,71,71,71,71,71,71,71,71,71,71,71,71,71,71,71,71,71,71],"card_choices":[{"not_picked":["Barrage","Gash"],"picked":"Compile Driver","floor":1},{"not_picked":["Streamline","Go for the Eyes"],"picked":"Hologram","floor":2},{"not_picked":["Sunder","Gash"],"picked":"Reboot","floor":3},{"not_picked":["Steam","Gash"],"picked":"Coolheaded","floor":6},{"not_picked":["Coolheaded","Leap"],"picked":"Loop","floor":8},{"not_picked":["Chaos","Redo"],"picked":"Melter","floor":10},{"not_picked":["Hologram","Sweeping Beam","Chaos"],"picked":"SKIP","floor":11},{"not_picked":["Electrodynamics","Machine Learning"],"picked":"Biased Cognition","floor":16},{"not_picked":["Hello World","Go for the Eyes"],"picked":"Conserve Battery","floor":18}],"player_experience":2222271,"relics_obtained":[{"floor":6,"key":"Ancient Tea Set"},{"floor":8,"key":"Eternal Feather"},{"floor":9,"key":"CeramicFish"}],"event_choices":[{"damage_healed":0,"gold_gain":50,"player_choice":"Pray","damage_taken":0,"max_hp_gain":0,"max_hp_loss":0,"event_name":"Golden Shrine","floor":5,"gold_loss":0},{"cards_removed":["Static Discharge"],"damage_healed":0,"gold_gain":0,"player_choice":"Gave Card","damage_taken":0,"relics_obtained":["Omamori"],"max_hp_gain":0,"max_hp_loss":0,"event_name":"WeMeetAgain","floor":14,"gold_loss":0}],"is_beta":false,"boss_relics":[{"not_picked":["Runic Dome","Tiny House"],"picked":"Empty Cage"}],"items_purged_floors":[4],"is_endless":false,"potions_floor_spawned":[2,3,6],"killed_by":"2 Thieves","ascension_level":20}