{"gold_per_floor":[109,184,149,169,169,169,2,27,50,50,10,36,36,72,72,72],"floor_reached":16,"playtime":347,"items_purged":[],"score":228,"play_id":"f2cc9f9c-c509-4510-b548-a8c4aedd8559","local_time":"20230305201630","is_ascension_mode":true,"campfire_choices":[{"data":"Loop","floor":6,"key":"SMITH"},{"data":"Zap","floor":10,"key":"SMITH"},{"floor":15,"key":"REST"}],"neow_cost":"NONE","seed_source_timestamp":378432983365700,"circlet_count":0,"master_deck":["AscendersBane","Strike_B","Strike_B","Strike_B","Strike_B","Defend_B","Defend_B","Defend_B","Defend_B","Zap+1","Dualcast","Coolheaded","Loop+1","Skim","Defragment","Echo Form","Compile Driver"],"relics":["Cracked Core","NeowsBlessing","Blue Candle","TheAbacus","Bronze Scales","Juzu Bracelet","WingedGreaves","CeramicFish"],"potions_floor_usage":[16],"damage_taken":[{"damage":0,"enemies":"Small Slimes","floor":1,"turns":1},{"damage":0,"enemies":"2 Louse","floor":4,"turns":1},{"damage":8,"enemies":"3 Sentries","floor":8,"turns":2},{"damage":43,"enemies":"Gremlin Nob","floor":12,"turns":5},{"damage":11,"enemies":"Lagavulin","floor":14,"turns":7},{"damage":31,"enemies":"Slime Boss","floor":16,"turns":8}],"seed_played":"656555126315864515","potions_obtained":[{"floor":8,"key":"PotionOfCapacity"},{"floor":14,"key":"SneckoOil"}],"is_trial":false,"path_per_floor":["M","?","?","M","T","R","$","E","T","R","$","E","?","E","R","B"],"character_chosen":"DEFECT","items_purchased":["TheAbacus","Defragment"],"campfire_rested":1,"item_purchase_floors":[7,11],"current_hp_per_floor":[64,53,70,70,70,70,70,62,62,62,62,19,19,8,29,0],"gold":72,"neow_bonus":"THREE_ENEMY_KILL","is_prod":false,"is_daily":false,"chose_seed":false,"campfire_upgraded":2,"win_rate":0,"timestamp":1678043790,"path_taken":["M","?","?","M","?","R","$","E","T","R","?","E","?","E","R","BOSS"],"build_version":"2022-12-18","purchased_purges":0,"victory":false,"max_hp_per_floor":[71,71,71,71,71,71,71,71,71,71,71,71,71,71,71,71],"card_choices":[{"not_picked":["Conserve Battery","Sweeping Beam"],"picked":"Coolheaded","floor":1},{"not_picked":["Beam Cell","Glacier"],"picked":"Loop","floor":4},{"not_picked":["Darkness","Coolheaded"],"picked":"Skim","floor":8},{"not_picked":["Cold Snap","Sweeping Beam"],"picked":"Echo Form","floor":12},{"not_picked":["Coolheaded","Ball Lightning"],"picked":"Compile Driver","floor":14}],"player_experience":2210394,"relics_obtained":[{"floor":5,"key":"Blue Candle"},{"floor":8,"key":"Bronze Scales"},{"floor":12,"key":"Juzu Bracelet"},{"floor":14,"key":"CeramicFish"}],"event_choices":[{"damage_healed":0,"gold_gain":75,"player_choice":"Gather Gold","damage_taken":11,"max_hp_gain":0,"max_hp_loss":0,"event_name":"World of Goop","floor":2,"gold_loss":0},{"damage_healed":17,"gold_gain":0,"player_choice":"Healed","damage_taken":0,"max_hp_gain":0,"max_hp_loss":0,"event_name":"The Cleric","floor":3,"gold_loss":35},{"damage_healed":0,"gold_gain":0,"player_choice":"Gave Potion","damage_taken":0,"relics_obtained":["WingedGreaves"],"max_hp_gain":0,"max_hp_loss":0,"event_name":"WeMeetAgain","floor":13,"gold_loss":0}],"is_beta":false,"boss_relics":[],"items_purged_floors":[],"is_endless":false,"potions_floor_spawned":[8,14],"killed_by":"Slime Boss","ascension_level":20}