{"gold_per_floor":[118,137,154,154,167,196,196,226,307,307,307,457,6,6,6,6],"floor_reached":16,"playtime":467,"items_purged":[],"score":216,"play_id":"481c9290-1c7a-43ad-8acb-89b36b3cf6ae","local_time":"20230305105317","is_ascension_mode":true,"campfire_choices":[{"data":"Zap","floor":7,"key":"SMITH"},{"floor":11,"key":"REST"},{"data":"Darkness","floor":15,"key":"SMITH"}],"neow_cost":"NONE","seed_source_timestamp":344519106513700,"circlet_count":0,"master_deck":["AscendersBane","Strike_B","Strike_B","Strike_B","Strike_B","Defend_B","Defend_B","Defend_B","Defend_B","Zap+1","Dualcast","Melter","Glacier","Beam Cell","Darkness+1","Doubt"],"relics":["Black Star","Matryoshka","Ginger","Toy Ornithopter","Symbiotic Virus","StrikeDummy","Blue Candle","Bag of Preparation","WingedGreaves","Toxic Egg 2","Medical Kit","Potion Belt"],"potions_floor_usage":[6,6],"damage_taken":[{"damage":7,"enemies":"Cultist","floor":1,"turns":4},{"damage":2,"enemies":"Jaw Worm","floor":2,"turns":3},{"damage":2,"enemies":"2 Louse","floor":3,"turns":3},{"damage":13,"enemies":"Large Slime","floor":5,"turns":7},{"damage":5,"enemies":"3 Sentries","floor":6,"turns":7},{"damage":49,"enemies":"Gremlin Nob","floor":8,"turns":5},{"damage":33,"enemies":"Hexaghost","floor":16,"turns":9}],"seed_played":"2046036220699327843","potions_obtained":[{"floor":1,"key":"DistilledChaos"},{"floor":2,"key":"Regen Potion"}],"is_trial":false,"path_per_floor":["M","M","M","?","M","E","R","E","T","T","R","?","$","?","R","B"],"character_chosen":"DEFECT","items_purchased":["Toxic Egg 2","Medical Kit"],"campfire_rested":1,"item_purchase_floors":[13,13],"current_hp_per_floor":[57,55,53,58,45,55,55,6,6,6,28,28,28,28,28,0],"gold":6,"neow_bonus":"BOSS_RELIC","is_prod":false,"is_daily":false,"chose_seed":false,"campfire_upgraded":2,"win_rate":0,"timestamp":1678009997,"path_taken":["M","M","M","?","M","E","R","E","T","?","R","?","$","?","R","BOSS"],"build_version":"2022-12-18","purchased_purges":0,"victory":false,"max_hp_per_floor":[71,71,71,76,76,76,76,76,76,76,76,76,76,76,76,76],"card_choices":[{"not_picked":["Lockon","Compile Driver"],"picked":"Melter","floor":1},{"not_picked":["Leap","Steam"],"picked":"Glacier","floor":2},{"not_picked":["Gash","Redo"],"picked":"Ball Lightning","floor":3},{"not_picked":["Darkness","Barrage"],"picked":"Beam Cell","floor":5},{"not_picked":["Steam","Rebound"],"picked":"Darkness","floor":6},{"not_picked":["Force Field","Melter","Steam Power"],"picked":"SKIP","floor":8}],"player_experience":2200255,"relics_obtained":[{"floor":6,"key":"Matryoshka"},{"floor":6,"key":"Ginger"},{"floor":8,"key":"Toy Ornithopter"},{"floor":8,"key":"Symbiotic Virus"},{"floor":9,"key":"StrikeDummy"},{"floor":9,"key":"Blue Candle"},{"floor":10,"key":"Bag of Preparation"},{"floor":10,"key":"WingedGreaves"}],"event_choices":[{"damage_healed":0,"gold_gain":0,"player_choice":"Donut","damage_taken":0,"max_hp_gain":5,"max_hp_loss":0,"event_name":"Big Fish","floor":4,"gold_loss":0},{"damage_healed":0,"gold_gain":150,"player_choice":"AGREE","damage_taken":0,"max_hp_gain":0,"max_hp_loss":0,"event_name":"Liars Game","floor":12,"gold_loss":0,"cards_obtained":["Doubt"]},{"cards_removed":["Ball Lightning"],"damage_healed":0,"gold_gain":0,"player_choice":"Gave Card","damage_taken":0,"relics_obtained":["Potion Belt"],"max_hp_gain":0,"max_hp_loss":0,"event_name":"WeMeetAgain","floor":14,"gold_loss":0}],"is_beta":false,"boss_relics":[],"items_purged_floors":[],"is_endless":false,"potions_floor_spawned":[1,2],"killed_by":"Hexaghost","ascension_level":20}