{"gold_per_floor":[109,109,120,137,150,150,182,182,182,182,196,196,196,27,27,27],"floor_reached":16,"playtime":357,"items_purged":[],"score":200,"play_id":"9f349e4b-3a1c-4b09-950b-9ac4cee73326","local_time":"20230325013440","is_ascension_mode":true,"campfire_choices":[{"data":"Zap","floor":6.0,"key":"SMITH"},{"floor":8.0,"key":"REST"},{"data":"Go for the Eyes","floor":10.0,"key":"SMITH"},{"data":"Gash","floor":13,"key":"SMITH"},{"data":"Gash","floor":15,"key":"SMITH"}],"neow_cost":"NONE","seed_source_timestamp":59116829667400,"circlet_count":0,"master_deck":["AscendersBane","Strike_B","Strike_B","Defend_B","Defend_B","Defend_B","Defend_B","Zap+1","Dualcast","Gash+1","Compile Driver","Gash+1","Go for the Eyes+1","Gash","Echo Form","Aggregate"],"special_seed":0,"relics":["Philosopher\u0027s Stone","InkBottle","HandDrill"],"potions_floor_usage":[],"damage_taken":[{"damage":7.0,"enemies":"Cultist","floor":1.0,"turns":4.0},{"damage":3.0,"enemies":"Jaw Worm","floor":3.0,"turns":4.0},{"damage":8.0,"enemies":"2 Louse","floor":4.0,"turns":3.0},{"damage":8.0,"enemies":"Exordium Wildlife","floor":5.0,"turns":5.0},{"damage":27.0,"enemies":"Lagavulin","floor":7.0,"turns":7.0},{"damage":12.0,"enemies":"Gremlin Gang","floor":11.0,"turns":5.0},{"damage":20,"enemies":"Hexaghost","floor":16,"turns":3}],"seed_played":"-270082542870587179","potions_obtained":[{"floor":3.0,"key":"DistilledChaos"},{"floor":4.0,"key":"DistilledChaos"}],"is_trial":false,"path_per_floor":["M","?","M","M","M","R","E","R","T","R","M","?","R","$","R","B"],"character_chosen":"DEFECT","items_purchased":["HandDrill"],"campfire_rested":1,"item_purchase_floors":[14],"current_hp_per_floor":[57,57,54,46,38,38,11,32,32,32,20,20,20,20,20,0],"gold":27,"neow_bonus":"BOSS_RELIC","is_prod":false,"is_daily":false,"chose_seed":false,"campfire_upgraded":4,"win_rate":0,"timestamp":1679704480,"path_taken":["M","?","?","M","M","R","E","R","T","R","M","?","R","$","R","BOSS"],"build_version":"2022-12-18","purchased_purges":0,"victory":false,"max_hp_per_floor":[71,71,71,71,71,71,71,71,71,71,71,71,71,71,71,71],"card_choices":[{"not_picked":["Hologram","FTL"],"picked":"Gash","floor":1.0},{"not_picked":["Lockon","Tempest"],"picked":"Compile Driver","floor":3.0},{"not_picked":["Rip and Tear","Heatsinks"],"picked":"Gash","floor":4.0},{"not_picked":["Lockon","Sweeping Beam"],"picked":"Go for the Eyes","floor":5.0},{"not_picked":["Redo","Scrape"],"picked":"Gash","floor":7.0},{"not_picked":["Reprogram","Sweeping Beam"],"picked":"Echo Form","floor":11}],"player_experience":2258368,"relics_obtained":[{"floor":7.0,"key":"InkBottle"}],"event_choices":[{"cards_removed":["Strike_B"],"damage_healed":0.0,"max_hp_gain":0.0,"max_hp_loss":0.0,"gold_gain":0.0,"event_name":"Purifier","player_choice":"Purged","floor":2.0,"gold_loss":0.0,"damage_taken":0.0},{"damage_healed":0,"gold_gain":0,"cards_transformed":["Strike_B"],"player_choice":"Change","damage_taken":0,"max_hp_gain":0,"max_hp_loss":0,"event_name":"Living Wall","floor":12,"gold_loss":0,"cards_obtained":["Aggregate"]}],"is_beta":false,"boss_relics":[],"items_purged_floors":[],"is_endless":false,"potions_floor_spawned":[3,4],"killed_by":"Hexaghost","ascension_level":20}