{"gold_per_floor":[111,111,123,138,213,244,244,279,279,279],"floor_reached":10,"playtime":244,"items_purged":[],"score":152,"play_id":"2131a18a-b6c2-47f5-afd5-80e08d1e22d2","local_time":"20230326101057","is_ascension_mode":true,"campfire_choices":[{"data":"Zap","floor":7,"key":"SMITH"}],"neow_cost":"PERCENT_DAMAGE","seed_source_timestamp":173022160153300,"circlet_count":0,"master_deck":["AscendersBane","Strike_B","Strike_B","Strike_B","Strike_B","Defend_B","Defend_B","Defend_B","Defend_B","Zap+1","Dualcast","Electrodynamics","Storm","Ball Lightning","Barrage","BootSequence","Reinforced Body"],"relics":["Cracked Core","Vajra","Mercury Hourglass","Ancient Tea Set"],"potions_floor_usage":[4,10],"damage_taken":[{"damage":0,"enemies":"2 Louse","floor":1,"turns":1},{"damage":9,"enemies":"Jaw Worm","floor":3,"turns":4},{"damage":0,"enemies":"Small Slimes","floor":4,"turns":1},{"damage":10,"enemies":"3 Sentries","floor":6,"turns":2},{"damage":36,"enemies":"Gremlin Nob","floor":8,"turns":4},{"damage":4,"enemies":"Exordium Wildlife","floor":10,"turns":2}],"seed_played":"8789044756056556076","potions_obtained":[{"floor":1,"key":"Explosive Potion"},{"floor":8,"key":"GamblersBrew"}],"is_trial":false,"path_per_floor":["M","?","M","M","?","E","R","E","T","M"],"character_chosen":"DEFECT","items_purchased":[],"campfire_rested":0,"item_purchase_floors":[],"current_hp_per_floor":[46,69,60,60,49,39,39,3,3,0],"gold":279,"neow_bonus":"THREE_RARE_CARDS","is_prod":false,"is_daily":false,"chose_seed":false,"campfire_upgraded":1,"win_rate":0,"timestamp":1679818257,"path_taken":["M","?","M","M","?","E","R","E","T","?"],"build_version":"2022-12-18","purchased_purges":0,"victory":false,"max_hp_per_floor":[71,71,71,71,71,71,71,71,71,71],"card_choices":[{"not_picked":["All For One","Core Surge"],"picked":"Electrodynamics","floor":0},{"not_picked":["Leap","Streamline"],"picked":"Storm","floor":1},{"not_picked":["Steam","Barrage"],"picked":"Ball Lightning","floor":3},{"not_picked":["Chaos","Hello World"],"picked":"Barrage","floor":4},{"not_picked":["Cold Snap","Hologram"],"picked":"BootSequence","floor":6},{"not_picked":["Double Energy","Scrape"],"picked":"Reinforced Body","floor":8}],"player_experience":2282314,"relics_obtained":[{"floor":6,"key":"Vajra"},{"floor":8,"key":"Mercury Hourglass"},{"floor":9,"key":"Ancient Tea Set"}],"event_choices":[{"damage_healed":23,"gold_gain":0,"player_choice":"Banana","damage_taken":0,"max_hp_gain":0,"max_hp_loss":0,"event_name":"Big Fish","floor":2,"gold_loss":0},{"damage_healed":0,"gold_gain":75,"player_choice":"Gather Gold","damage_taken":11,"max_hp_gain":0,"max_hp_loss":0,"event_name":"World of Goop","floor":5,"gold_loss":0}],"is_beta":false,"boss_relics":[],"items_purged_floors":[],"is_endless":false,"potions_floor_spawned":[1,8],"killed_by":"Exordium Wildlife","ascension_level":20}