{"gold_per_floor":[162,179,14,14,0,27,27,27,82,102,133,25,52,62,62,136,136,146,116,25,37,48,48,75,75,155,155,170,5,5,32,32,107,107,126,139,139,149,202,202],"floor_reached":40,"playtime":1454,"items_purged":[],"score":1034,"play_id":"7af5224b-7cd9-4ff3-8bb7-468e7fc0fad1","local_time":"20230325121930","is_ascension_mode":true,"campfire_choices":[{"floor":7,"key":"REST"},{"data":"Beam Cell","floor":15,"key":"SMITH"},{"floor":23,"key":"REST"},{"floor":25,"key":"REST"},{"data":"Zap","floor":27,"key":"SMITH"},{"data":"Skim","floor":32,"key":"SMITH"}],"neow_cost":"NONE","seed_source_timestamp":96723712021300,"circlet_count":0,"master_deck":["AscendersBane","Strike_B","Strike_B","Strike_B+1","Defend_B","Defend_B","Defend_B","Defend_B","Zap+1","Dualcast","Gash","FTL","Skim+1","All For One","Beam Cell+1","Scrape+1","Conserve Battery","Good Instincts","Turbo","Gash","Gash","Madness","CurseOfTheBell","Go for the Eyes"],"relics":["Tiny House","OrangePellets","Meat on the Bone","HornCleat","Regal Pillow","Pen Nib","Blue Candle","Busted Crown","Nunchaku","Pear","ClockworkSouvenir","Matryoshka","Calling Bell","Akabeko","InkBottle","Peace Pipe","Ice Cream"],"potions_floor_usage":[6,11,13,16,18,21,24,24,31,33,33,39,40],"damage_taken":[{"damage":8,"enemies":"Cultist","floor":1,"turns":5},{"damage":2,"enemies":"Jaw Worm","floor":2,"turns":4},{"damage":25,"enemies":"3 Sentries","floor":6,"turns":6},{"damage":9,"enemies":"2 Louse","floor":10,"turns":3},{"damage":0,"enemies":"Gremlin Nob","floor":11,"turns":3},{"damage":14,"enemies":"3 Sentries","floor":13,"turns":8},{"damage":2,"enemies":"Red Slaver","floor":14,"turns":2},{"damage":0,"enemies":"Hexaghost","floor":16,"turns":5},{"damage":26,"enemies":"Shell Parasite","floor":18,"turns":6},{"damage":30,"enemies":"3 Byrds","floor":21,"turns":5},{"damage":18,"enemies":"Centurion and Healer","floor":22,"turns":5},{"damage":39,"enemies":"Slavers","floor":24,"turns":5},{"damage":22,"enemies":"Shelled Parasite and Fungi","floor":28,"turns":2},{"damage":16,"enemies":"Book of Stabbing","floor":31,"turns":4},{"damage":7,"enemies":"Collector","floor":33,"turns":6},{"damage":6,"enemies":"Orb Walker","floor":35,"turns":3},{"damage":15,"enemies":"3 Darklings","floor":36,"turns":4},{"damage":14,"enemies":"Spire Growth","floor":38,"turns":5},{"damage":38,"enemies":"2 Orb Walkers","floor":39,"turns":5},{"damage":34,"enemies":"Reptomancer","floor":40,"turns":2}],"seed_played":"3437067659237062197","potions_obtained":[{"floor":0,"key":"EssenceOfDarkness"},{"floor":1,"key":"EssenceOfDarkness"},{"floor":11,"key":"Swift Potion"},{"floor":14,"key":"Strength Potion"},{"floor":16,"key":"Block Potion"},{"floor":19,"key":"EssenceOfDarkness"},{"floor":19,"key":"Block Potion"},{"floor":22,"key":"EntropicBrew"},{"floor":24,"key":"LiquidBronze"},{"floor":31,"key":"EssenceOfDarkness"},{"floor":38,"key":"SpeedPotion"},{"floor":39,"key":"BlessingOfTheForge"}],"is_trial":false,"path_per_floor":["M","M","$","?","?","E","R","T","T","M","E","$","E","M","R","B",null,"M","?","$","M","M","R","E","R","T","R","M","$","?","E","R","B",null,"M","M","?","M","?","E"],"character_chosen":"DEFECT","items_purchased":["OrangePellets","Good Instincts","Madness","ClockworkSouvenir"],"campfire_rested":3,"item_purchase_floors":[3,12,20,29],"current_hp_per_floor":[61,59,59,59,59,34,56,56,56,47,47,47,45,43,43,43,68,42,42,42,24,18,55,28,65,75,75,53,53,53,49,49,54,78,72,57,57,55,29,0],"gold":202,"neow_bonus":"BOSS_RELIC","is_prod":false,"is_daily":false,"chose_seed":false,"campfire_upgraded":3,"win_rate":0,"timestamp":1679743170,"path_taken":["M","M","$","?","?","E","R","?","T","M","E","$","E","?","R","BOSS","M","?","$","M","M","R","E","R","T","R","?","$","?","E","R","BOSS","M","M","?","?","?","E"],"build_version":"2022-12-18","purchased_purges":0,"victory":false,"max_hp_per_floor":[76,76,76,76,76,76,76,76,76,76,76,76,76,76,76,76,76,76,76,76,76,76,76,76,76,86,86,86,86,86,86,86,86,86,86,86,86,86,86,86],"card_choices":[{"not_picked":["Doom and Gloom","Rebound"],"picked":"Gash","floor":0},{"not_picked":["Barrage","Stack"],"picked":"FTL","floor":1},{"not_picked":["Steam","Conserve Battery"],"picked":"Skim","floor":2},{"not_picked":["Fusion","Darkness"],"picked":"Beam Cell","floor":6},{"not_picked":["Go for the Eyes","Electrodynamics"],"picked":"Scrape","floor":10},{"not_picked":["Darkness","Barrage"],"picked":"Conserve Battery","floor":11},{"not_picked":["Capacitor","Leap"],"picked":"Turbo","floor":13},{"not_picked":["Streamline","Storm"],"picked":"Gash","floor":14},{"not_picked":[],"picked":"Gash","floor":18},{"not_picked":["Ball Lightning"],"picked":"SKIP","floor":21},{"not_picked":["Turbo"],"picked":"SKIP","floor":22},{"not_picked":["Double Energy"],"picked":"SKIP","floor":24},{"not_picked":["Sunder"],"picked":"SKIP","floor":28},{"not_picked":["Heatsinks"],"picked":"SKIP","floor":31},{"not_picked":[],"picked":"Go for the Eyes","floor":35},{"not_picked":["Blizzard"],"picked":"SKIP","floor":36},{"not_picked":["Conserve Battery"],"picked":"SKIP","floor":38}],"player_experience":2260350,"relics_obtained":[{"floor":6,"key":"Meat on the Bone"},{"floor":8,"key":"HornCleat"},{"floor":9,"key":"Regal Pillow"},{"floor":11,"key":"Pen Nib"},{"floor":13,"key":"Blue Candle"},{"floor":24,"key":"Nunchaku"},{"floor":26,"key":"Pear"},{"floor":31,"key":"Matryoshka"},{"floor":34,"key":"Akabeko"},{"floor":34,"key":"InkBottle"},{"floor":34,"key":"Peace Pipe"},{"floor":39,"key":"Ice Cream"}],"event_choices":[{"damage_healed":0,"gold_gain":0,"cards_transformed":["Strike_B"],"player_choice":"Change","damage_taken":0,"max_hp_gain":0,"max_hp_loss":0,"event_name":"Living Wall","floor":4,"gold_loss":0,"cards_obtained":["All For One"]},{"damage_healed":0,"gold_gain":0,"player_choice":"Left Gold","damage_taken":0,"max_hp_gain":0,"max_hp_loss":0,"event_name":"World of Goop","floor":5,"gold_loss":14},{"damage_healed":0,"gold_gain":0,"player_choice":"Bought 2 Potions","damage_taken":0,"max_hp_gain":0,"max_hp_loss":0,"event_name":"The Woman in Blue","floor":19,"gold_loss":0},{"damage_healed":0,"gold_gain":0,"player_choice":"Ignored","damage_taken":0,"max_hp_gain":0,"max_hp_loss":0,"event_name":"Vampires","floor":30,"gold_loss":0},{"damage_healed":0,"gold_gain":0,"player_choice":"Forge","damage_taken":0,"max_hp_gain":0,"max_hp_loss":0,"event_name":"Accursed Blacksmith","floor":37,"gold_loss":0,"cards_upgraded":["Scrape"]},{"damage_healed":0,"gold_gain":0,"player_choice":"Fight","damage_taken":0,"max_hp_gain":0,"max_hp_loss":0,"event_name":"Mysterious Sphere","floor":39,"gold_loss":0}],"is_beta":false,"boss_relics":[{"not_picked":["Fusion Hammer","Snecko Eye"],"picked":"Busted Crown"},{"not_picked":["SlaversCollar","Philosopher\u0027s Stone"],"picked":"Calling Bell"}],"items_purged_floors":[],"is_endless":false,"potions_floor_spawned":[1,11,14,16,22,24,31,38,39],"killed_by":"Reptomancer","ascension_level":20}