{"gold_per_floor":[110,80,98,117,117,151,151,192,192,192],"floor_reached":10,"playtime":363,"items_purged":[],"score":152,"play_id":"94cecf2e-ada4-44b9-8f34-450ca58f49bb","local_time":"20230410120307","is_ascension_mode":true,"campfire_choices":[{"floor":7,"key":"REST"}],"neow_cost":"NONE","seed_source_timestamp":164397649493700,"circlet_count":0,"master_deck":["AscendersBane","Strike_B","Strike_B","Strike_B","Strike_B","Defend_B","Defend_B","Defend_B","Defend_B","Zap","Dualcast","Thunder Strike","Ball Lightning","Coolheaded","Melter","Loop","Redo"],"relics":["Cracked Core","Golden Idol","Potion Belt","Bird Faced Urn","Mercury Hourglass"],"potions_floor_usage":[6,10],"damage_taken":[{"damage":5,"enemies":"2 Louse","floor":1,"turns":3},{"damage":0,"enemies":"Cultist","floor":3,"turns":3},{"damage":11,"enemies":"Small Slimes","floor":4,"turns":4},{"damage":18,"enemies":"Gremlin Nob","floor":6,"turns":4},{"damage":39,"enemies":"3 Sentries","floor":8,"turns":7},{"damage":27,"enemies":"Lagavulin","floor":10,"turns":6}],"seed_played":"-6511364778315954757","potions_obtained":[{"floor":2,"key":"Strength Potion"},{"floor":2,"key":"Ancient Potion"}],"is_trial":false,"path_per_floor":["M","?","M","M","?","E","R","E","T","E"],"character_chosen":"DEFECT","items_purchased":[],"campfire_rested":1,"item_purchase_floors":[],"current_hp_per_floor":[59,59,59,48,48,30,49,10,10,0],"gold":192,"neow_bonus":"ONE_RANDOM_RARE_CARD","is_prod":false,"is_daily":false,"chose_seed":false,"campfire_upgraded":0,"win_rate":0,"timestamp":1681120987,"path_taken":["M","?","M","?","?","E","R","E","T","E"],"build_version":"2022-12-18","purchased_purges":0,"victory":false,"max_hp_per_floor":[71,71,71,71,64,64,64,64,64,64],"card_choices":[{"not_picked":["Beam Cell","Barrage"],"picked":"Ball Lightning","floor":1},{"not_picked":["Reinforced Body","Rip and Tear"],"picked":"Coolheaded","floor":3},{"not_picked":["Streamline","Darkness"],"picked":"Melter","floor":4},{"not_picked":["Turbo","Conserve Battery"],"picked":"Loop","floor":6},{"not_picked":["All For One","Hello World"],"picked":"Redo","floor":8}],"player_experience":2359216,"relics_obtained":[{"floor":6,"key":"Potion Belt"},{"floor":8,"key":"Bird Faced Urn"},{"floor":9,"key":"Mercury Hourglass"}],"event_choices":[{"damage_healed":0,"gold_gain":0,"player_choice":"Bought 2 Potions","damage_taken":0,"max_hp_gain":0,"max_hp_loss":0,"event_name":"The Woman in Blue","floor":2,"gold_loss":0},{"damage_healed":0,"gold_gain":0,"player_choice":"Lose Max HP","damage_taken":0,"relics_obtained":["Golden Idol"],"max_hp_gain":0,"max_hp_loss":7,"event_name":"Golden Idol","floor":5,"gold_loss":0}],"is_beta":false,"boss_relics":[],"items_purged_floors":[],"is_endless":false,"potions_floor_spawned":[3],"killed_by":"Lagavulin","ascension_level":20}