{"gold_per_floor":[113,113,188,203,353,353,353,395,450,300,136,159,159,182,182,182],"floor_reached":16,"playtime":398,"items_purged":["Regret","Doubt"],"score":246,"play_id":"d2f2d760-6577-4b8f-a38d-7e104a2ee4cf","local_time":"20231207201128","is_ascension_mode":true,"campfire_choices":[{"data":"Go for the Eyes","floor":6,"key":"SMITH"},{"data":"Defragment","floor":13,"key":"SMITH"},{"data":"Coolheaded","floor":15,"key":"SMITH"}],"neow_cost":"NONE","seed_source_timestamp":370996455775200,"circlet_count":0,"master_deck":["AscendersBane","Strike_B","Strike_B","Strike_B","Strike_B","Defend_B","Defend_B","Defend_B","Defend_B","Zap+1","Dualcast","Cold Snap","Go for the Eyes+1","Glacier","Defragment+1","Coolheaded+1","Gash","Gash","Gash"],"relics":["Cracked Core","NeowsBlessing","Kunai","CeramicFish"],"potions_floor_usage":[14,16],"damage_taken":[{"damage":0,"enemies":"Cultist","floor":1,"turns":1},{"damage":0,"enemies":"2 Louse","floor":4,"turns":1},{"damage":0,"enemies":"Gremlin Nob","floor":8,"turns":1},{"damage":5,"enemies":"Small Slimes","floor":12,"turns":3},{"damage":5,"enemies":"3 Louse","floor":14,"turns":3},{"damage":49,"enemies":"Slime Boss","floor":16,"turns":11}],"seed_played":"-7333292424275815294","potions_obtained":[{"floor":1,"key":"Fire Potion"},{"floor":4,"key":"ColorlessPotion"},{"floor":14,"key":"SteroidPotion"}],"is_trial":false,"path_per_floor":["M","?","?","M","?","R","?","E","T","$","$","M","R","M","R","B"],"character_chosen":"DEFECT","items_purchased":["Defragment","Coolheaded","Gash"],"campfire_rested":0,"item_purchase_floors":[10,11,11],"current_hp_per_floor":[64,64,53,53,53,53,53,53,53,53,53,48,48,43,43,0],"gold":182,"neow_bonus":"THREE_ENEMY_KILL","is_prod":false,"is_daily":false,"chose_seed":false,"campfire_upgraded":3,"win_rate":0,"timestamp":1701976288,"path_taken":["M","?","?","M","?","R","?","E","T","?","$","M","R","M","R","BOSS"],"build_version":"2022-12-18","purchased_purges":2,"victory":false,"max_hp_per_floor":[71,71,71,71,71,71,71,71,71,71,71,71,71,71,71,71],"card_choices":[{"not_picked":["Stack","Self Repair"],"picked":"Cold Snap","floor":1},{"not_picked":["Rebound","Scrape"],"picked":"Go for the Eyes","floor":4},{"not_picked":["Steam","Hologram"],"picked":"Glacier","floor":8},{"not_picked":["Leap","Buffer"],"picked":"Gash","floor":12},{"not_picked":["Turbo","Conserve Battery"],"picked":"Gash","floor":14}],"player_experience":2443188,"relics_obtained":[{"floor":8,"key":"CeramicFish"}],"event_choices":[{"damage_healed":0,"gold_gain":0,"player_choice":"Grow","damage_taken":0,"max_hp_gain":0,"max_hp_loss":0,"event_name":"Living Wall","floor":2,"gold_loss":0,"cards_upgraded":["Zap"]},{"damage_healed":0,"gold_gain":75,"player_choice":"Gather Gold","damage_taken":11,"max_hp_gain":0,"max_hp_loss":0,"event_name":"World of Goop","floor":3,"gold_loss":0},{"damage_healed":0,"gold_gain":150,"player_choice":"AGREE","damage_taken":0,"max_hp_gain":0,"max_hp_loss":0,"event_name":"Liars Game","floor":5,"gold_loss":0,"cards_obtained":["Doubt"]},{"damage_healed":0,"gold_gain":0,"player_choice":"Box","damage_taken":0,"relics_obtained":["Kunai"],"max_hp_gain":0,"max_hp_loss":0,"event_name":"Big Fish","floor":7,"gold_loss":0,"cards_obtained":["Regret"]}],"is_beta":false,"boss_relics":[],"items_purged_floors":[10,11],"is_endless":false,"potions_floor_spawned":[1,4,14],"killed_by":"Slime Boss","ascension_level":20}