{"gold_per_floor":[0,0,0,175,192,217,217,227,227,253,53,64,64,64,78,176,176,176,276,276,276,36,36,84,84,117,128,144,144,144,213,233,329,329,329,347,364,375,42,77,147,176,76,105,105,137,148,298,311,311,311,338,20,20,20,20],"floor_reached":57,"playtime":4396,"items_purged":["Doubt"],"score":1440,"play_id":"03266607-b80e-4a71-854a-7cd1de698c6a","local_time":"20210607220715","is_ascension_mode":true,"campfire_choices":[{"floor":1,"key":"RECALL"},{"floor":9,"key":"REST"},{"floor":11,"key":"REST"},{"data":"Slimebound:GoopSpray","floor":13,"key":"SMITH"},{"data":"Slimebound:AcidTongue","floor":18,"key":"SMITH"},{"data":"Slimebound:DouseInSlime","floor":23,"key":"SMITH"},{"data":"Slimebound:OozeBath","floor":25,"key":"SMITH"},{"data":"Slimebound:CorrosiveSpit","floor":29,"key":"SMITH"},{"data":"Slimebound:Split","floor":35,"key":"SMITH"},{"data":"expansioncontent:QuickStudy","floor":43,"key":"SMITH"},{"floor":54,"key":"REST"}],"neow_cost":"NO_GOLD","seed_source_timestamp":575675337933200,"circlet_count":0,"master_deck":["Slimebound:Strike_Slimebound","Slimebound:Strike_Slimebound","Slimebound:Tackle","Slimebound:Defend_Slimebound","Slimebound:Defend_Slimebound","Slimebound:Defend_Slimebound","Slimebound:Defend_Slimebound+1","Slimebound:Split+1","Slimebound:CorrosiveSpit+1","Slimebound:Split","Slimebound:Chomp","Slimebound:FinishingTackle","Slimebound:GoopSpray+1","Slimebound:Repurpose","Slimebound:AcidTongue+1","Slimebound:AcidTongue","Slimebound:OozeBath+1","Slimebound:DouseInSlime+1","Slimebound:SpikyOuterGoop+1","Slimebound:PressTheAttack+1","Slimebound:ForwardTackle+1","Slimebound:Teamwork+1","Slimebound:LeadByExample+1","expansioncontent:QuickStudy+1","Slimebound:SplitAcid+1","Parasite","Mayhem+1","Slimebound:OozeBath+1"],"relics":["Slimebound:AbsorbEndCombat","Lizard Tail","Eternal Feather","downfall:HeartBlessingGreen","downfall:HeartBlessingRed","Busted Crown","CaptainsWheel","Frozen Egg 2","White Beast Statue","PreservedInsect","Art of War","Matryoshka","Anchor","Mummified Hand","SlaversCollar","Toolbox","Singing Bowl","Slimebound:MaxSlimesRelic","War Paint","downfall:HeartBlessingBlue","Chemical X","Happy Flower","Toxic Egg 2","Unceasing Top","Letter Opener","DollysMirror"],"potions_floor_usage":[16,19,27,56,56],"damage_taken":[{"damage":3,"enemies":"downfall:FleeingMerchant","floor":3,"turns":4},{"damage":5,"enemies":"Small Slimes","floor":5,"turns":4},{"damage":56,"enemies":"Gremlin Nob","floor":6,"turns":6},{"damage":3,"enemies":"Cultist","floor":8,"turns":3},{"damage":41,"enemies":"3 Sentries","floor":10,"turns":7},{"damage":2,"enemies":"Jaw Worm","floor":12,"turns":4},{"damage":10,"enemies":"Exordium Wildlife","floor":15,"turns":5},{"damage":64,"enemies":"WA_ARCHETYPE_RETAIN","floor":16,"turns":9},{"damage":65,"enemies":"Colosseum Nobs","floor":19,"turns":5},{"damage":7,"enemies":"downfall:FleeingMerchant","floor":22,"turns":4},{"damage":20,"enemies":"Book of Stabbing","floor":26,"turns":5},{"damage":15,"enemies":"downfall:LooterAlt2","floor":27,"turns":4},{"damage":7,"enemies":"Spheric Guardian","floor":28,"turns":4},{"damage":11,"enemies":"Snecko","floor":32,"turns":5},{"damage":34,"enemies":"SI_MIRROR_ARCHETYPE","floor":33,"turns":8},{"damage":0,"enemies":"Orb Walker","floor":36,"turns":4},{"damage":13,"enemies":"3 Darklings","floor":37,"turns":7},{"damage":10,"enemies":"Jaw Worm Horde","floor":38,"turns":4},{"damage":5,"enemies":"downfall:FleeingMerchant","floor":39,"turns":4},{"damage":31,"enemies":"Nemesis","floor":40,"turns":5},{"damage":0,"enemies":"Reptomancer","floor":42,"turns":5},{"damage":15,"enemies":"downfall:FleeingMerchant","floor":44,"turns":3},{"damage":36,"enemies":"Nemesis","floor":46,"turns":3},{"damage":0,"enemies":"Transient","floor":47,"turns":5},{"damage":0,"enemies":"Writhing Mass","floor":49,"turns":4},{"damage":3,"enemies":"IC_BLOCK_ARCHETYPE","floor":50,"turns":8},{"damage":78,"enemies":"downfall:CharBossMerchant","floor":52,"turns":7},{"damage":27,"enemies":"downfall:NeowBoss","floor":55,"turns":12},{"damage":12,"enemies":"downfall:NeowBossFinal","floor":56,"turns":10}],"seed_played":"273654708980210751","potions_obtained":[{"floor":10,"key":"ColorlessPotion"},{"floor":12,"key":"hexamod:SoulburnPotion"},{"floor":15,"key":"Guardian:BlockOnCardUsePotion"},{"floor":16,"key":"gremlin:WizPotion"},{"floor":22,"key":"PowerPotion"},{"floor":26,"key":"Block Potion"},{"floor":27,"key":"Swift Potion"},{"floor":32,"key":"champ:CounterPotion"},{"floor":38,"key":"Dexterity Potion"},{"floor":46,"key":"Block Potion"},{"floor":49,"key":"Slimebound:SlimedPotion"}],"is_trial":false,"path_per_floor":["R","?","$","?","M","E","T","M","R","E","R","M","R","?","M","B",null,"R","?","?","T","$","R","T","R","E","M","M","R","?","T","M","B",null,"R","M","M","M","$","E","T","E","R","$","?","E","M","?","M","B",null,"E","$","R","B","B",null],"character_chosen":"SLIMEBOUND","items_purchased":["PreservedInsect","expansioncontent:QuickStudy","Toolbox","Chemical X","Happy Flower","Mayhem+1","DollysMirror"],"campfire_rested":3,"item_purchase_floors":[22,39,39,44,44,53,53],"current_hp_per_floor":[77,77,77,77,76,25,32,33,58,23,57,57,66,66,62,6,84,84,25,53,53,50,62,62,74,62,53,48,60,60,60,57,31,84,84,84,77,73,76,55,55,65,87,78,78,50,60,60,70,75,104,30,30,76,57,53],"gold":20,"neow_bonus":"TWENTY_PERCENT_HP_BONUS","is_prod":false,"is_daily":false,"chose_seed":false,"campfire_upgraded":7,"win_rate":1,"timestamp":1623118035,"path_taken":["R","?","?","?","?","E","T","M","R","E","R","M","R","?","M","BOSS","R","?","?","?","?","R","T","R","E","?","M","R","?","?","M","BOSS","R","M","M","M","$","E","T","E","R","$","?","E","M","?","M","BOSS","E","$","R","BOSS","BOSS"],"build_version":"2020-12-22","purchased_purges":1,"victory":true,"max_hp_per_floor":[77,77,77,77,77,77,84,84,84,84,84,84,84,84,84,84,84,84,84,84,84,84,84,84,84,84,84,84,84,84,84,84,84,84,84,84,84,84,84,86,86,88,98,98,98,100,102,102,104,104,104,106,106,106,106,106],"card_choices":[{"not_picked":["Slimebound:ItLooksTasty","Slimebound:Prepare"],"picked":"Slimebound:Chomp","floor":3},{"not_picked":["Slimebound:LeechEnergy","Slimebound:SamplingLick"],"picked":"Slimebound:FinishingTackle","floor":5},{"not_picked":["Slimebound:LevelUp","Slimebound:RejuvenatingLick"],"picked":"Slimebound:GoopSpray","floor":6},{"not_picked":["Slimebound:Prepare","Slimebound:SplitLeeching"],"picked":"Slimebound:Repurpose","floor":8},{"not_picked":["Slimebound:SplitMire","Slimebound:Gluttony"],"picked":"Slimebound:AcidTongue","floor":10},{"not_picked":["Slimebound:GoopTackle","Slimebound:FormOfPuddle"],"picked":"Slimebound:AcidTongue","floor":12},{"not_picked":["Slimebound:Equalize","Slimebound:LivingWall"],"picked":"Slimebound:OozeBath","floor":15},{"not_picked":["Slimebound:SelfFormingGoo","Slimebound:OneTwoCombo"],"picked":"Slimebound:DouseInSlime","floor":16},{"not_picked":[],"picked":"Slimebound:SpikyOuterGoop+1","floor":19},{"not_picked":[],"picked":"Slimebound:PressTheAttack+1","floor":22},{"not_picked":["Slimebound:LevelUp+1"],"picked":"SKIP","floor":26},{"not_picked":[],"picked":"Slimebound:ForwardTackle+1","floor":27},{"not_picked":["Slimebound:GoopTackle+1"],"picked":"SKIP","floor":28},{"not_picked":["Slimebound:GrowthPunch"],"picked":"SKIP","floor":32},{"not_picked":[],"picked":"Slimebound:Teamwork","floor":33},{"not_picked":[],"picked":"Slimebound:LeadByExample+1","floor":36},{"not_picked":["Slimebound:LevelUp+1"],"picked":"SKIP","floor":37},{"not_picked":["Slimebound:LeechingTouch"],"picked":"SKIP","floor":38},{"not_picked":["Slimebound:SplitMire"],"picked":"SKIP","floor":39},{"not_picked":["Slimebound:LeechingTouch+1"],"picked":"Singing Bowl","floor":40},{"not_picked":["Slimebound:SelfFormingGoo+1"],"picked":"Singing Bowl","floor":42},{"not_picked":[],"picked":"Slimebound:SplitAcid+1","floor":44},{"not_picked":["Slimebound:RollThrough"],"picked":"Singing Bowl","floor":46},{"not_picked":["Slimebound:SplitMire+1"],"picked":"Singing Bowl","floor":47},{"not_picked":["Slimebound:SlimeBrawl+1"],"picked":"Singing Bowl","floor":49},{"not_picked":["Slimebound:LeechEnergy"],"picked":"Singing Bowl","floor":52}],"player_experience":1511712,"relics_obtained":[{"floor":6,"key":"Lizard Tail"},{"floor":7,"key":"Strawberry"},{"floor":10,"key":"Eternal Feather"},{"floor":19,"key":"CaptainsWheel"},{"floor":19,"key":"Frozen Egg 2"},{"floor":21,"key":"White Beast Statue"},{"floor":24,"key":"Art of War"},{"floor":26,"key":"Matryoshka"},{"floor":31,"key":"Anchor"},{"floor":31,"key":"Mummified Hand"},{"floor":40,"key":"Singing Bowl"},{"floor":41,"key":"Slimebound:MaxSlimesRelic"},{"floor":42,"key":"War Paint"},{"floor":45,"key":"Toxic Egg 2"},{"floor":46,"key":"Unceasing Top"},{"floor":52,"key":"Letter Opener"}],"event_choices":[{"damage_healed":28,"gold_gain":0,"player_choice":"Heal","damage_taken":0,"max_hp_gain":0,"max_hp_loss":0,"event_name":"The Library","floor":20,"gold_loss":0},{"damage_healed":0,"gold_gain":0,"player_choice":"Ignored","damage_taken":0,"max_hp_gain":0,"max_hp_loss":0,"event_name":"Vampires","floor":30,"gold_loss":0}],"is_beta":false,"boss_relics":[{"not_picked":["Fusion Hammer","Tiny House"],"picked":"Busted Crown"},{"not_picked":["Runic Pyramid","Cursed Key"],"picked":"SlaversCollar"}],"items_purged_floors":[22],"is_endless":false,"potions_floor_spawned":[10,12,15,16,22,26,27,28,32,33,36,37,38,39,40,42,44,46,47,49,52],"ascension_level":1}