{"gold_per_floor":[99,99,91,91,50,50,50,50,50,35,35,35,35,35,35,35,35,35,35,35,35,35,35,35,35,35,35,35,35,35,35,35,35,35,35,35,35,35,35,35,35,35,35,35,35,35,35,35,35,35],"floor_reached":50,"playtime":3792,"items_purged":[],"score":555,"play_id":"e6614e3b-beac-4ba4-b740-a9f3abe73a2f","local_time":"20210607113105","is_ascension_mode":false,"campfire_choices":[{"floor":1,"key":"RECALL"},{"floor":9,"key":"REST"},{"data":"hexamod:ChargedBarrage","floor":18,"key":"SMITH"},{"floor":23,"key":"REST"},{"floor":29,"key":"REST"},{"floor":35,"key":"REST"},{"floor":42,"key":"REST"}],"neow_cost":"NONE","seed_source_timestamp":538126954511999,"circlet_count":0,"master_deck":["hexamod:Defend+1","hexamod:Defend+1","hexamod:Defend+1","hexamod:Defend+1","hexamod:Sear+1","hexamod:Float+1","hexamod:SecondSeal+1","hexamod:FirstSeal+1","hexamod:ChargedBarrage+1","hexamod:CatchUp+1","hexamod:InspiringFlames+1","hexamod:RainOfEmbers+1","hexamod:VolcanoVisage+1","hexamod:BurningQuestion+1","hexamod:BurningTouch+1","hexamod:FastForward+1","hexamod:PhantomFireball+1","hexamod:HexaLevel+1","CurseOfTheBell","Slimebound:Tackle+1","Slimebound:Tackle+1","Slimebound:Tackle+1","hexamod:SoulSteal+1","hexamod:FifthSeal+1","hexamod:ThermalTransfer+1","hexamod:RetreatToShadows+1","hexamod:SixthSeal+1","hexamod:HeatMetal+1","hexamod:FastForward+1","hexamod:AdvancingGuard+1","hexamod:UnlimitedPower+1","hexamod:RecurringNightmare+1","hexamod:BurningTouch+1","hexamod:FourthSeal+1","hexamod:HeatCrush+1","hexamod:ChargedBarrage+1"],"relics":["downfall:Hecktoplasm","downfall:ShatteredFragment","Unceasing Top","Bag of Marbles","Letter Opener","PreservedInsect","Calling Bell","Nunchaku","Shuriken","Gambling Chip","Nilry\u0027s Codex","Ginger","Dead Branch","Toy Ornithopter","Fusion Hammer","hexamod:InflammatoryLetter","TungstenRod","Ornamental Fan"],"potions_floor_usage":[8,25,26,33,33,49],"damage_taken":[{"damage":0,"enemies":"2 Louse","floor":4,"turns":2},{"damage":5,"enemies":"downfall:FleeingMerchant","floor":5,"turns":4},{"damage":15,"enemies":"Lagavulin","floor":6,"turns":5},{"damage":0,"enemies":"Jaw Worm","floor":8,"turns":1},{"damage":9,"enemies":"downfall:FleeingMerchant","floor":10,"turns":4},{"damage":0,"enemies":"Small Slimes","floor":11,"turns":2},{"damage":6,"enemies":"3 Sentries","floor":13,"turns":5},{"damage":5,"enemies":"Gremlin Nob","floor":14,"turns":3},{"damage":5,"enemies":"downfall:LooterAlt","floor":15,"turns":3},{"damage":32,"enemies":"DF_ARCHETYPE_STREAMLINE","floor":16,"turns":6},{"damage":18,"enemies":"Shell Parasite","floor":20,"turns":3},{"damage":1,"enemies":"Gremlin Leader","floor":25,"turns":2},{"damage":10,"enemies":"downfall:LadyInBlue","floor":26,"turns":3},{"damage":6,"enemies":"downfall:LooterAlt2","floor":27,"turns":3},{"damage":13,"enemies":"Snecko","floor":28,"turns":3},{"damage":6,"enemies":"Cultist and Chosen","floor":30,"turns":3},{"damage":6,"enemies":"Snake Plant","floor":32,"turns":3},{"damage":5,"enemies":"IC_MUSHROOM_ARCHETYPE","floor":33,"turns":4},{"damage":8,"enemies":"3 Darklings","floor":36,"turns":3},{"damage":18,"enemies":"downfall:FleeingMerchant","floor":37,"turns":3},{"damage":29,"enemies":"Nemesis","floor":40,"turns":5},{"damage":0,"enemies":"3 Shapes","floor":43,"turns":2},{"damage":4,"enemies":"Spire Growth","floor":45,"turns":4},{"damage":13,"enemies":"Reptomancer","floor":46,"turns":4},{"damage":2,"enemies":"Jaw Worm Horde","floor":47,"turns":4},{"damage":5,"enemies":"4 Shapes","floor":48,"turns":3},{"damage":18,"enemies":"Sphere and 2 Shapes","floor":49,"turns":4},{"damage":33,"enemies":"WA_ARCHETYPE_DIVINITY","floor":50,"turns":5}],"seed_played":"-2075113738405134936","potions_obtained":[{"floor":4,"key":"Explosive Potion"},{"floor":6,"key":"Ancient Potion"},{"floor":8,"key":"Swift Potion"},{"floor":15,"key":"Fire Potion"},{"floor":26,"key":"AttackPotion"},{"floor":26,"key":"Swift Potion"},{"floor":33,"key":"Fire Potion"},{"floor":43,"key":"CultistPotion"},{"floor":46,"key":"DistilledChaos"},{"floor":49,"key":"hexamod:EctoCoolerPotion"}],"is_trial":false,"path_per_floor":["R","?","?","M","$","E","T","M","R","$","M","?","E","?","M","B",null,"R","?","M","?","?","R","T","E","?","M","M","R","M","?","M","B",null,"R","M","$","?","$","E","T","R","M","?","M","E","M","M","M","B"],"character_chosen":"THE_SPIRIT","items_purchased":["hexamod:InspiringFlames"],"campfire_rested":5,"item_purchase_floors":[5],"current_hp_per_floor":[70,49,42,49,44,36,36,36,57,55,62,62,63,65,67,42,70,70,70,52,36,36,57,57,56,46,47,34,55,49,49,50,55,70,70,62,44,44,44,15,15,49,49,49,45,39,37,32,26,0],"gold":35,"neow_bonus":"BOSS_RELIC","is_prod":false,"is_daily":false,"chose_seed":false,"campfire_upgraded":1,"win_rate":0.0,"timestamp":1623079865,"path_taken":["R","?","?","M","$","E","T","?","R","$","M","?","E","?","M","BOSS","R","?","M","?","?","R","T","E","?","M","M","R","?","?","M","BOSS","R","M","$","?","?","E","T","R","M","?","M","E","M","M","M","BOSS"],"build_version":"2020-12-22","purchased_purges":0,"victory":false,"max_hp_per_floor":[70,70,70,70,70,70,70,70,70,70,70,70,70,70,70,70,70,70,70,70,70,70,70,70,70,70,70,70,70,70,70,70,70,70,70,70,70,70,70,70,70,80,80,70,70,70,70,70,70,70],"card_choices":[{"not_picked":["hexamod:ExtraCrispy","hexamod:SwordOfDarkness"],"picked":"hexamod:ChargedBarrage","floor":4},{"not_picked":["hexamod:GhostLash","hexamod:StrikeFromBeyond"],"picked":"hexamod:CatchUp","floor":5},{"not_picked":["hexamod:HeatMetal","hexamod:AdvancingGuard"],"picked":"hexamod:RainOfEmbers","floor":6},{"not_picked":["hexamod:GhostLash","hexamod:FastForward"],"picked":"hexamod:VolcanoVisage","floor":8},{"not_picked":["hexamod:ThermalTransfer","hexamod:HeatMetal"],"picked":"hexamod:BurningQuestion","floor":10},{"not_picked":["hexamod:RainOfEmbers","hexamod:EtherealExpedition"],"picked":"hexamod:BurningTouch","floor":11},{"not_picked":["hexamod:GhostLash","hexamod:Divider"],"picked":"hexamod:FastForward","floor":13},{"not_picked":["hexamod:BurningTouch","hexamod:InspiringFlames"],"picked":"hexamod:PhantomFireball","floor":14},{"not_picked":["hexamod:FirstSeal","hexamod:BacktrackSmack","hexamod:ShieldOfDarkness"],"picked":"SKIP","floor":15},{"not_picked":["hexamod:GhostflameInferno","hexamod:Premonition"],"picked":"hexamod:HexaLevel","floor":16},{"not_picked":["hexamod:NightmareGuise","hexamod:StrikeFromBeyond"],"picked":"hexamod:SoulSteal+1","floor":20},{"not_picked":["hexamod:AdvancingGuard+1","hexamod:BurningTouch"],"picked":"hexamod:FifthSeal","floor":25},{"not_picked":["hexamod:InspiringFlames","hexamod:Firestarter+1"],"picked":"hexamod:ThermalTransfer","floor":26},{"not_picked":["hexamod:GhostShield+1","hexamod:EtherealExpedition"],"picked":"hexamod:RetreatToShadows","floor":27},{"not_picked":["hexamod:FourthSeal","hexamod:ThirdSeal"],"picked":"hexamod:SixthSeal","floor":28},{"not_picked":["hexamod:AdvancingGuard","hexamod:BurningTouch"],"picked":"hexamod:HeatMetal+1","floor":28},{"not_picked":["hexamod:SixthSeal","hexamod:Firestarter"],"picked":"hexamod:FastForward+1","floor":30},{"not_picked":["hexamod:RetreatToShadows","hexamod:Again"],"picked":"hexamod:AdvancingGuard+1","floor":32},{"not_picked":["hexamod:BurningQuestion","hexamod:ForkedFlame"],"picked":"hexamod:UnlimitedPower","floor":33},{"not_picked":["hexamod:Divider","hexamod:GhostOfSpirePast+1"],"picked":"hexamod:RecurringNightmare","floor":36},{"not_picked":["hexamod:InspiringFlames+1","hexamod:GhostShield"],"picked":"hexamod:BurningTouch","floor":37},{"not_picked":["hexamod:FirstSeal","hexamod:SecondSeal"],"picked":"hexamod:FourthSeal","floor":40},{"not_picked":["hexamod:SwordOfDarkness+1","hexamod:SpectersWail+1","hexamod:RecurringNightmare"],"picked":"SKIP","floor":40},{"not_picked":["hexamod:ThermalTransfer","hexamod:EtherealExpedition+1"],"picked":"hexamod:HeatCrush+1","floor":43},{"not_picked":["hexamod:HeatCrush+1","hexamod:AdvancingGuard","hexamod:StrikeFromBeyond+1"],"picked":"SKIP","floor":45},{"not_picked":["hexamod:SwordOfDarkness+1","hexamod:RadiantFlame","hexamod:SpectersWail"],"picked":"SKIP","floor":46},{"not_picked":["hexamod:HeatMetal","hexamod:Divider","hexamod:ThermalTransfer"],"picked":"SKIP","floor":47},{"not_picked":["hexamod:HauntingEcho","hexamod:RainOfEmbers"],"picked":"hexamod:ChargedBarrage+1","floor":48},{"not_picked":["hexamod:BacktrackSmack+1","hexamod:SpectersWail","hexamod:StepThrough"],"picked":"SKIP","floor":49}],"player_experience":1504616,"relics_obtained":[{"floor":6,"key":"Unceasing Top"},{"floor":7,"key":"Bag of Marbles"},{"floor":13,"key":"Letter Opener"},{"floor":14,"key":"PreservedInsect"},{"floor":17,"key":"Nunchaku"},{"floor":17,"key":"Shuriken"},{"floor":17,"key":"Gambling Chip"},{"floor":21,"key":"Nilry\u0027s Codex"},{"floor":24,"key":"Ginger"},{"floor":25,"key":"Dead Branch"},{"floor":26,"key":"Toy Ornithopter"},{"floor":38,"key":"hexamod:InflammatoryLetter"},{"floor":40,"key":"TungstenRod"},{"floor":46,"key":"Ornamental Fan"}],"event_choices":[{"cards_removed":["hexamod:Strike"],"damage_healed":0,"gold_gain":0,"player_choice":"Card Removal","damage_taken":0,"max_hp_gain":0,"max_hp_loss":0,"event_name":"The Cleric","floor":12,"gold_loss":0},{"damage_healed":0,"gold_gain":0,"player_choice":"Ignored","damage_taken":0,"max_hp_gain":0,"max_hp_loss":0,"event_name":"Vampires","floor":22,"gold_loss":0},{"damage_healed":0,"gold_gain":0,"player_choice":"Relic","damage_taken":0,"max_hp_gain":0,"max_hp_loss":0,"event_name":"Wheel of Change","floor":38,"gold_loss":0}],"is_beta":false,"boss_relics":[{"not_picked":["Runic Dome","Coffee Dripper"],"picked":"Calling Bell"},{"not_picked":["Astrolabe","Tiny House"],"picked":"Fusion Hammer"}],"items_purged_floors":[],"is_endless":false,"potions_floor_spawned":[4,6,8,15,16,27,30,33,36,43,48],"killed_by":"WA_ARCHETYPE_DIVINITY","ascension_level":0}