{"gold_per_floor":[99,199,42,42,51,51,104,16,67,179,266,278,284,319,355,474,558,570,607,619,631,678,690,728,779,800,825,875,887,899,926,974,1108,1120,1132,1171,1183,1132,344,397,397,197,217,257,257,302,362,7,35,35],"floor_reached":50,"playtime":3304,"items_purged":["downfall:Haunted","Parasite"],"score":664,"play_id":"547e2c97-05be-44ec-930c-27d346ac513c","local_time":"20210607165227","is_ascension_mode":false,"campfire_choices":[{"floor":1,"key":"RECALL"},{"data":"hexamod:Sear","floor":6,"key":"SMITH"},{"data":"hexamod:SpectersWail","floor":8,"key":"SMITH"},{"data":"hexamod:HeatMetal","floor":12,"key":"SMITH"},{"data":"hexamod:SearingWound","floor":18,"key":"SMITH"},{"data":"hexamod:RecurringNightmare","floor":23,"key":"SMITH"},{"floor":30,"key":"REST"},{"data":"hexamod:GiftsFromTheDead","floor":35,"key":"SMITH"},{"floor":42,"key":"REST"},{"floor":45,"key":"REST"}],"neow_cost":"NONE","seed_source_timestamp":557897837248300,"circlet_count":0,"master_deck":["hexamod:Sear+1","hexamod:Float","downfall:Haunted","hexamod:TimeOfNeed","hexamod:SpectersWail+1","hexamod:RecurringNightmare+1","hexamod:GhostflameBarrier","hexamod:FlamesFromBeyond","hexamod:FastForward","hexamod:BurningQuestion","hexamod:SecondSeal","hexamod:SoulSteal","hexamod:GhostflameBarrier","hexamod:UnleashSpirits+1","hexamod:Again","hexamod:SearingWound+1","hexamod:SearingWound+1","hexamod:SecondSeal","hexamod:SpectersWail","hexamod:ThermalTransfer+1","hexamod:FastForward+1","hexamod:GiftsFromTheDead+1","hexamod:FourthSeal","hexamod:ThirdSeal","hexamod:FirstSeal","Blind","Discovery","Jack Of All Trades","hexamod:Hexaguard+1","Master of Strategy","hexamod:SoulSteal","hexamod:CatchUp+1","hexamod:VolcanoVisage","hexamod:BurningTouch+1","hexamod:ChargedBarrage"],"relics":["hexamod:SpiritBrand","downfall:HeartsMalice","Darkstone Periapt","CeramicFish","MawBank","downfall:HeartBlessingRed","Bag of Marbles","Pandora\u0027s Box","PreservedInsect","Bag of Preparation","Empty Cage","Bottled Tornado","Orichalcum","TheAbacus","Mango","downfall:HeartBlessingGreen","downfall:HeartBlessingBlue","Akabeko","bronze:DecasWashers"],"potions_floor_usage":[33,33,44,47,47,50,50],"damage_taken":[{"damage":0,"enemies":"downfall:FleeingMerchant","floor":3,"turns":1},{"damage":0,"enemies":"Cultist","floor":5,"turns":1},{"damage":0,"enemies":"Gremlin Nob","floor":9,"turns":1},{"damage":0,"enemies":"downfall:FleeingMerchant","floor":13,"turns":4},{"damage":0,"enemies":"Small Slimes","floor":14,"turns":4},{"damage":6,"enemies":"Jaw Worm","floor":15,"turns":4},{"damage":26,"enemies":"WA_ARCHETYPE_RETAIN","floor":16,"turns":6},{"damage":26,"enemies":"downfall:LooterAlt2","floor":19,"turns":4},{"damage":15,"enemies":"3 Byrds","floor":22,"turns":3},{"damage":16,"enemies":"Book of Stabbing","floor":25,"turns":3},{"damage":4,"enemies":"Shelled Parasite and Fungi","floor":27,"turns":3},{"damage":15,"enemies":"Snecko","floor":28,"turns":6},{"damage":5,"enemies":"Cultist and Chosen","floor":31,"turns":4},{"damage":10,"enemies":"3 Cultists","floor":32,"turns":3},{"damage":39,"enemies":"SI_MIRROR_ARCHETYPE","floor":33,"turns":10},{"damage":10,"enemies":"downfall:FleeingMerchant","floor":39,"turns":4},{"damage":72,"enemies":"Reptomancer","floor":40,"turns":8},{"damage":4,"enemies":"Orb Walker","floor":43,"turns":3},{"damage":31,"enemies":"3 Darklings","floor":44,"turns":7},{"damage":40,"enemies":"Writhing Mass","floor":46,"turns":9},{"damage":23,"enemies":"Nemesis","floor":47,"turns":7},{"damage":10,"enemies":"downfall:FleeingMerchant","floor":48,"turns":4},{"damage":30,"enemies":"Spire Growth","floor":49,"turns":6},{"damage":36,"enemies":"IC_BLOCK_ARCHETYPE","floor":50,"turns":2}],"seed_played":"9204024308593744740","potions_obtained":[{"floor":9,"key":"Strength Potion"},{"floor":11,"key":"downfall:CursedFountainPotion"},{"floor":14,"key":"Regen Potion"},{"floor":33,"key":"Guardian:BlockOnCardUsePotion"},{"floor":40,"key":"Energy Potion"},{"floor":44,"key":"BlessingOfTheForge"},{"floor":44,"key":"Weak Potion"},{"floor":47,"key":"Guardian:BlockOnCardUsePotion"}],"is_trial":false,"path_per_floor":["R","?","$","?","M","R","T","R","E","?","?","R","$","M","M","B",null,"R","M","?","?","M","R","T","E","?","M","M","?","R","M","M","B",null,"R","?","?","?","$","E","T","R","M","M","R","M","E","$","M","B"],"character_chosen":"THE_SPIRIT","items_purchased":["CeramicFish","Bottled Tornado","Orichalcum","TheAbacus","Master of Strategy","bronze:DecasWashers"],"campfire_rested":3,"item_purchase_floors":[3,39,39,39,39,48],"current_hp_per_floor":[70,105,105,105,105,105,105,105,105,105,105,105,105,105,99,73,105,105,79,79,79,64,64,64,48,54,50,35,35,68,63,53,14,111,111,104,104,104,101,50,50,100,96,72,112,85,69,66,36,0],"gold":35,"neow_bonus":"THREE_ENEMY_KILL","is_prod":false,"is_daily":false,"chose_seed":false,"campfire_upgraded":6,"win_rate":0.0,"timestamp":1623099147,"path_taken":["R","?","$","?","M","R","T","R","E","?","?","R","$","M","M","BOSS","R","?","?","?","?","R","T","E","?","?","M","?","R","?","M","BOSS","R","?","?","?","$","E","T","R","M","?","R","M","E","$","M","BOSS"],"build_version":"2020-12-22","purchased_purges":2,"victory":false,"max_hp_per_floor":[70,105,105,105,105,105,105,105,105,105,105,105,105,105,105,105,105,105,105,105,105,105,105,105,105,111,111,111,111,111,111,111,111,111,111,111,111,111,111,125,125,135,135,135,135,141,141,138,138,138],"card_choices":[{"not_picked":["hexamod:StrikeFromBeyond","hexamod:GhostShield"],"picked":"hexamod:SpectersWail","floor":3},{"not_picked":["hexamod:GhostOfSpireFuture","hexamod:HeatMetal"],"picked":"hexamod:RecurringNightmare","floor":5},{"not_picked":["hexamod:AdvancingGuard","hexamod:BacktrackSmack"],"picked":"hexamod:HeatMetal","floor":9},{"not_picked":["hexamod:BacktrackSmack","hexamod:Firestarter"],"picked":"hexamod:GhostflameBarrier","floor":13},{"not_picked":["hexamod:GhostLash","hexamod:Rewind"],"picked":"hexamod:FlamesFromBeyond","floor":14},{"not_picked":["hexamod:BacktrackSmack","hexamod:RadiantFlame"],"picked":"hexamod:FastForward","floor":15},{"not_picked":["hexamod:HexaLevel","hexamod:TimeOfNeed"],"picked":"hexamod:BurningQuestion","floor":16},{"not_picked":["hexamod:SwordOfDarkness+1","hexamod:NightmareStrike"],"picked":"hexamod:SpectersWail","floor":19},{"not_picked":["hexamod:Divider","hexamod:InspiringFlames+1"],"picked":"hexamod:ThermalTransfer+1","floor":22},{"not_picked":["hexamod:ShieldOfDarkness","hexamod:SpectersWail","hexamod:FlamesFromBeyond"],"picked":"SKIP","floor":25},{"not_picked":["hexamod:TimeOfNeed","hexamod:BacktrackSmack","hexamod:RadiantFlame"],"picked":"SKIP","floor":27},{"not_picked":["hexamod:GhostShield","hexamod:Hexaguard"],"picked":"hexamod:FastForward+1","floor":28},{"not_picked":["hexamod:ShieldOfDarkness+1","hexamod:CatchUp","hexamod:BurningTouch"],"picked":"SKIP","floor":31},{"not_picked":["hexamod:FlamesFromBeyond","hexamod:ShieldOfDarkness","hexamod:BurningTouch"],"picked":"SKIP","floor":32},{"not_picked":["hexamod:GhostOfSpirePresent","hexamod:HexaLevel"],"picked":"hexamod:GiftsFromTheDead","floor":33},{"not_picked":[],"picked":"Blind","floor":38},{"not_picked":[],"picked":"Discovery","floor":38},{"not_picked":[],"picked":"Jack Of All Trades","floor":38},{"not_picked":["hexamod:InspiringFlames+1","hexamod:Floatwork"],"picked":"hexamod:Hexaguard+1","floor":39},{"not_picked":["hexamod:Hexaguard","hexamod:Incineration+1"],"picked":"hexamod:SoulSteal","floor":40},{"not_picked":["hexamod:InspiringFlames","hexamod:ShieldOfDarkness"],"picked":"hexamod:CatchUp+1","floor":40},{"not_picked":["hexamod:InspiringFlames","hexamod:HeatMetal+1","hexamod:GhostOfSpirePast"],"picked":"SKIP","floor":43},{"not_picked":["hexamod:SwordOfDarkness+1","hexamod:ThermalTransfer"],"picked":"hexamod:VolcanoVisage","floor":44},{"not_picked":["hexamod:NightmareGuise","hexamod:Divider+1"],"picked":"hexamod:BurningTouch+1","floor":46},{"not_picked":["hexamod:SecondSeal","hexamod:BacktrackSmack+1","hexamod:StrikeFromBeyond+1"],"picked":"SKIP","floor":46},{"not_picked":["hexamod:FlamesFromBeyond+1","hexamod:InspiringFlames"],"picked":"hexamod:ChargedBarrage","floor":47},{"not_picked":["hexamod:ThermalTransfer+1","hexamod:GhostLash+1","hexamod:StrikeFromBeyond+1"],"picked":"SKIP","floor":47},{"not_picked":["hexamod:BurningQuestion","hexamod:ThermalTransfer+1","hexamod:GhostLash"],"picked":"SKIP","floor":48},{"not_picked":["hexamod:BacktrackSmack","hexamod:Rewind+1","hexamod:StrikeFromBeyond+1"],"picked":"SKIP","floor":49},{"not_picked":["hexamod:SwordOfDarkness+1","hexamod:GhostLash+1","hexamod:BurningTouch"],"picked":"SKIP","floor":49}],"player_experience":1508408,"relics_obtained":[{"floor":7,"key":"MawBank"},{"floor":9,"key":"Bag of Marbles"},{"floor":24,"key":"PreservedInsect"},{"floor":25,"key":"Bag of Preparation"},{"floor":40,"key":"Mango"},{"floor":47,"key":"Akabeko"}],"event_choices":[{"cards_removed":["Normality"],"damage_healed":0,"gold_gain":0,"player_choice":"Card Removal","damage_taken":0,"max_hp_gain":0,"max_hp_loss":0,"event_name":"The Cleric","floor":4,"gold_loss":0},{"damage_healed":0,"gold_gain":0,"player_choice":"Got Potions","damage_taken":0,"max_hp_gain":0,"max_hp_loss":0,"event_name":"Lab","floor":29,"gold_loss":0}],"is_beta":false,"boss_relics":[{"not_picked":["Velvet Choker","Sozu"],"picked":"Pandora\u0027s Box"},{"not_picked":["Black Star","Cursed Key"],"picked":"Empty Cage"}],"items_purged_floors":[39,48],"is_endless":false,"potions_floor_spawned":[9,14,16,25,27,31,33,44,46,47],"killed_by":"IC_BLOCK_ARCHETYPE","ascension_level":0}