{"gold_per_floor":[99,117,32,132,143,143,167,167,83,100,125,137,137,153,172,269,269,269,281,281,266,103,3,3,38,54,154,154,154,174,194,209,209],"floor_reached":33,"playtime":2121,"items_purged":[],"score":267,"play_id":"bd6afccb-c26f-4424-9c89-18baa445ee3c","local_time":"20210605204706","is_ascension_mode":false,"campfire_choices":[{"data":"champ:Execute","floor":1,"key":"SMITH"},{"data":"champ:Duel","floor":6,"key":"SMITH"},{"data":"champ:RecklessLeap","floor":13,"key":"SMITH"},{"floor":18,"key":"RECALL"},{"data":"champ:UltimateStance","floor":23,"key":"SMITH"},{"floor":28,"key":"REST"}],"neow_cost":"NONE","seed_source_timestamp":400360456869000,"circlet_count":0,"master_deck":["champ:Strike","champ:Strike","champ:Strike+1","champ:Defend","champ:Defend","champ:Defend","champ:Execute+1","champ:Taunt","champ:TornadoPunch+1","champ:HeavySlash","champ:IronFortress","champ:Duel+1","champ:FlashCut","champ:RecklessLeap+1","champ:SetATrap","champ:HeartStrike","champ:UltimateStance+1","champ:SkillfulDodge+1","champ:BringItOn","champ:FancyFootwork","champ:CalledShot+1","champ:Devastate","champ:Backstep","J.A.X.","champ:DancingMaster","champ:GutPunch","champ:StanceDance"],"relics":["champ:ChampionCrown","Whetstone","PreservedInsect","Sozu","champ:BerserkersGuideToSlaughter","downfall:HeartBlessingRed","Vajra","Ancient Tea Set","MutagenicStrength"],"potions_floor_usage":[11,22,22],"damage_taken":[{"damage":1,"enemies":"Jaw Worm","floor":2,"turns":4},{"damage":0,"enemies":"downfall:FleeingMerchant","floor":3,"turns":4},{"damage":2,"enemies":"Small Slimes","floor":5,"turns":3},{"damage":0,"enemies":"downfall:FleeingMerchant","floor":9,"turns":4},{"damage":0,"enemies":"Cultist","floor":10,"turns":3},{"damage":6,"enemies":"3 Sentries","floor":11,"turns":5},{"damage":19,"enemies":"Exordium Thugs","floor":12,"turns":5},{"damage":0,"enemies":"Large Slime","floor":14,"turns":4},{"damage":0,"enemies":"3 Louse","floor":15,"turns":2},{"damage":31,"enemies":"DF_ARCHETYPE_STREAMLINE","floor":16,"turns":11},{"damage":0,"enemies":"downfall:LooterAlt2","floor":19,"turns":3},{"damage":0,"enemies":"downfall:FleeingMerchant","floor":21,"turns":4},{"damage":11,"enemies":"downfall:FleeingMerchant","floor":22,"turns":4},{"damage":17,"enemies":"Slavers","floor":25,"turns":3},{"damage":0,"enemies":"Shell Parasite","floor":26,"turns":3},{"damage":6,"enemies":"downfall:Augmenter","floor":27,"turns":4},{"damage":3,"enemies":"Shelled Parasite and Fungi","floor":30,"turns":3},{"damage":2,"enemies":"Centurion and Healer","floor":31,"turns":3},{"damage":0,"enemies":"Sentry and Sphere","floor":32,"turns":2},{"damage":61,"enemies":"WA_ARCHETYPE_CALM","floor":33,"turns":8}],"seed_played":"-451482213830750392","potions_obtained":[{"floor":5,"key":"Block Potion"},{"floor":11,"key":"Weak Potion"},{"floor":12,"key":"BlessingOfTheForge"},{"floor":15,"key":"PowerPotion"}],"is_trial":false,"path_per_floor":["R","M","$","?","M","R","T","?","$","M","E","M","R","M","M","B",null,"R","M","?","$","$","R","T","E","M","?","R","?","M","M","M","B"],"character_chosen":"THE_CHAMP","items_purchased":["champ:IronFortress","champ:RecklessLeap","champ:BerserkersGuideToSlaughter"],"campfire_rested":1,"item_purchase_floors":[3,9,22],"current_hp_per_floor":[99,98,98,98,96,96,96,81,81,81,75,56,56,56,56,25,99,99,99,70,70,59,59,59,42,42,36,65,65,62,60,60,0],"gold":209,"neow_bonus":"TEN_PERCENT_HP_BONUS","is_prod":false,"is_daily":false,"chose_seed":false,"campfire_upgraded":4,"win_rate":0.0,"timestamp":1622940426,"path_taken":["R","M","$","?","M","R","T","?","$","M","E","M","R","M","M","BOSS","R","?","?","?","$","R","T","E","M","?","R","?","M","?","M","BOSS"],"build_version":"2020-12-22","purchased_purges":0,"victory":false,"max_hp_per_floor":[99,99,99,99,99,99,99,99,99,99,99,99,99,99,99,99,99,99,99,99,99,99,99,99,99,99,99,99,99,99,99,99,99],"card_choices":[{"not_picked":["champ:BerserkersShout","champ:CrookedStrike"],"picked":"champ:TornadoPunch","floor":2},{"not_picked":["champ:EnragedBash","champ:WindUp"],"picked":"champ:HeavySlash","floor":3},{"not_picked":["champ:Haymaker","champ:ShieldWall"],"picked":"champ:Duel","floor":5},{"not_picked":["champ:PreemptiveStrike","champ:EnGarde"],"picked":"champ:FlashCut","floor":9},{"not_picked":["champ:CrownThrow","champ:PreemptiveStrike","champ:Shatter"],"picked":"SKIP","floor":10},{"not_picked":["champ:Backstep","champ:RecklessLeap"],"picked":"champ:SetATrap","floor":11},{"not_picked":["champ:BladeFlurry","champ:PerfectedStrike","champ:Shatter"],"picked":"SKIP","floor":12},{"not_picked":["champ:RecklessLeap","champ:SetATrap","champ:CrownThrow"],"picked":"SKIP","floor":14},{"not_picked":["champ:Encircle","champ:BringItOn"],"picked":"champ:HeartStrike","floor":15},{"not_picked":["champ:Devastate","champ:TripleStrike"],"picked":"champ:UltimateStance","floor":16},{"not_picked":["champ:BladeFlurry","champ:BerserkersShout"],"picked":"champ:SkillfulDodge+1","floor":19},{"not_picked":["champ:Lariat","champ:Haymaker+1"],"picked":"champ:BringItOn","floor":21},{"not_picked":["champ:BladeFlurry+1","champ:SetATrap","champ:FocusedBerserking"],"picked":"SKIP","floor":22},{"not_picked":["champ:CheapShot","champ:EnragedBash"],"picked":"champ:FancyFootwork","floor":25},{"not_picked":["champ:TornadoPunch","champ:PreciseThrust"],"picked":"champ:CalledShot+1","floor":26},{"not_picked":[],"picked":"J.A.X.","floor":27},{"not_picked":["champ:CrookedStrike","champ:RapidStrikes"],"picked":"champ:DancingMaster","floor":30},{"not_picked":["champ:PreciseThrust+1","champ:Haymaker"],"picked":"champ:GutPunch","floor":31},{"not_picked":["champ:Circumvent","champ:BladeFlurry"],"picked":"champ:StanceDance","floor":32}],"player_experience":1476633,"relics_obtained":[{"floor":7,"key":"Whetstone"},{"floor":11,"key":"PreservedInsect"},{"floor":24,"key":"Vajra"},{"floor":25,"key":"Ancient Tea Set"},{"floor":27,"key":"MutagenicStrength"}],"event_choices":[{"damage_healed":0,"gold_gain":0,"player_choice":"Ignored","damage_taken":0,"max_hp_gain":0,"max_hp_loss":0,"event_name":"Ghosts","floor":29,"gold_loss":0}],"is_beta":false,"boss_relics":[{"not_picked":["Fusion Hammer","downfall:Hecktoplasm"],"picked":"Sozu"}],"items_purged_floors":[],"is_endless":false,"potions_floor_spawned":[5,11,12,15,26,27,32],"killed_by":"WA_ARCHETYPE_CALM","ascension_level":0}