{"gold_per_floor":[99,99,114,114,114,139,139,39,74,74,74,103,88,102,121,223,223,123,123,123,123,108,135,158,187,199,239,265,277,303,331,354,468,480,492,520,545,557,844,872,910,952,964,1004,1016,1028,1052,1084,1112,1124],"floor_reached":51,"playtime":2706,"items_purged":[],"score":938,"play_id":"7c49c004-730e-47cb-825c-26ed2a581859","local_time":"20210619150857","is_ascension_mode":false,"campfire_choices":[{"floor":1,"key":"RECALL"},{"data":"champ:RapidStrikes","floor":8,"key":"SMITH"},{"data":"champ:FlashCut","floor":11,"key":"SMITH"},{"data":"champ:MurderStrike","floor":18,"key":"SMITH"},{"floor":26,"key":"REST"},{"floor":29,"key":"REST"},{"data":"champ:PerfectedStrike","floor":35,"key":"SMITH"},{"floor":43,"key":"REST"},{"data":"champ:SwordThrow","floor":46,"key":"SMITH"}],"neow_cost":"NONE","seed_source_timestamp":300243347564000,"circlet_count":0,"master_deck":["champ:Strike+1","champ:Strike","champ:Strike+1","champ:Strike","champ:Defend","champ:Defend","champ:Execute","champ:Taunt","champ:RapidStrikes+1","champ:FocusedBerserking","champ:FlashCut+1","champ:CheapShot","champ:SwordThrow+1","champ:IronFortress","champ:MurderStrike+1","champ:BladeFlurry+1","champ:ShieldThrow","champ:EnGarde+1","champ:BringItOn+1","champ:PerfectedStrike+1","champ:IgnorePain+1","CurseOfTheBell","champ:Lariat+1","Regret","champ:FlashCut+1","champ:CrookedStrike","champ:CrookedStrike+1","champ:AdrenalArmor+1"],"relics":["Philosopher\u0027s Stone","Whetstone","StrikeDummy","downfall:BrokenWingStatue","MealTicket","Pen Nib","downfall:HeartBlessingRed","Mercury Hourglass","Bronze Scales","Black Star","downfall:HeartBlessingGreen","Nilry\u0027s Codex","champ:FightingForDummies","Toxic Egg 2","MawBank","Ancient Tea Set","Oddly Smooth Stone","Calling Bell","Orichalcum","Meat on the Bone","Thread and Needle","Strawberry","Omamori","Prayer Wheel","Pantograph","Centennial Puzzle","downfall:TeleportStone"],"potions_floor_usage":[15,23,25,27,50],"damage_taken":[{"damage":0,"enemies":"Cultist","floor":3,"turns":3},{"damage":4,"enemies":"Gremlin Nob","floor":6,"turns":3},{"damage":10,"enemies":"3 Sentries","floor":9,"turns":5},{"damage":0,"enemies":"Gremlin Nob","floor":12,"turns":3},{"damage":5,"enemies":"downfall:FleeingMerchant","floor":13,"turns":5},{"damage":0,"enemies":"2 Louse","floor":14,"turns":1},{"damage":0,"enemies":"Small Slimes","floor":15,"turns":2},{"damage":18,"enemies":"IC_STATUS_ARCHETYPE","floor":16,"turns":4},{"damage":20,"enemies":"downfall:FleeingMerchant","floor":22,"turns":5},{"damage":23,"enemies":"Book of Stabbing","floor":23,"turns":4},{"damage":5,"enemies":"downfall:LooterAlt2","floor":25,"turns":2},{"damage":0,"enemies":"Gremlin Leader","floor":27,"turns":5},{"damage":6,"enemies":"3 Byrds","floor":28,"turns":3},{"damage":0,"enemies":"Shelled Parasite and Fungi","floor":30,"turns":2},{"damage":0,"enemies":"Snake Plant","floor":31,"turns":2},{"damage":0,"enemies":"Snecko","floor":32,"turns":3},{"damage":44,"enemies":"DF_ARCHETYPE_CLAW","floor":33,"turns":6},{"damage":0,"enemies":"3 Darklings","floor":36,"turns":3},{"damage":0,"enemies":"3 Shapes","floor":37,"turns":2},{"damage":8,"enemies":"Maw","floor":40,"turns":7},{"damage":36,"enemies":"Giant Head","floor":42,"turns":8},{"damage":16,"enemies":"Nemesis","floor":44,"turns":6},{"damage":8,"enemies":"Sphere and 2 Shapes","floor":47,"turns":4},{"damage":7,"enemies":"4 Shapes","floor":48,"turns":3},{"damage":16,"enemies":"Maw","floor":49,"turns":6},{"damage":22,"enemies":"SI_POISON_ARCHETYPE","floor":50,"turns":14}],"seed_played":"-2471608005249625518","potions_obtained":[{"floor":3,"key":"Strength Potion"},{"floor":14,"key":"champ:OpenerPotion"},{"floor":15,"key":"Fruit Juice"},{"floor":27,"key":"Fruit Juice"},{"floor":28,"key":"Strength Potion"},{"floor":32,"key":"champ:TechniquePotion"},{"floor":36,"key":"Fire Potion"}],"is_trial":false,"path_per_floor":["R","T","M","?","?","E","T","R","E","?","R","E","$","M","M","B",null,"R","?","?","?","$","E","T","M","R","E","M","R","M","M","M","B",null,"R","M","M","?","?","M","T","E","R","E","?","R","M","M","M","B",null],"character_chosen":"THE_CHAMP","items_purchased":[],"campfire_rested":3,"item_purchase_floors":[],"current_hp_per_floor":[90,90,90,78,78,74,74,74,64,64,64,64,74,74,79,61,95,95,76,60,45,40,17,17,17,47,52,46,77,77,77,77,33,105,105,105,105,105,105,97,104,68,101,85,85,85,77,70,71,79],"gold":1136,"neow_bonus":"BOSS_RELIC","is_prod":false,"is_daily":false,"chose_seed":false,"campfire_upgraded":5,"win_rate":0.0,"timestamp":1624129737,"path_taken":["R","?","?","?","?","E","T","R","E","?","R","E","$","M","M","BOSS","R","?","?","?","$","E","T","M","R","E","M","R","M","M","M","BOSS","R","?","M","?","?","?","T","E","R","E","?","R","?","M","M","BOSS"],"build_version":"2020-12-22","purchased_purges":0,"victory":true,"max_hp_per_floor":[90,90,90,90,90,90,90,90,90,90,90,90,90,90,95,95,95,95,100,100,100,100,100,100,100,100,105,105,105,105,105,105,105,105,105,105,105,105,105,105,112,112,112,112,112,112,112,112,112,112],"card_choices":[{"not_picked":["champ:Backstep","champ:FlashCut"],"picked":"champ:RapidStrikes","floor":3},{"not_picked":["champ:FanOfKnives","champ:Backstep"],"picked":"champ:FocusedBerserking","floor":6},{"not_picked":["champ:ShieldWall","champ:FalseCounter"],"picked":"champ:FlashCut","floor":9},{"not_picked":["champ:Parry","champ:GutPunch"],"picked":"champ:SwordThrow","floor":12},{"not_picked":["champ:BringItOn","champ:CrownThrow","champ:FocusedBerserking"],"picked":"SKIP","floor":13},{"not_picked":["champ:FalseCounter","champ:StanceDance"],"picked":"champ:IronFortress","floor":14},{"not_picked":["champ:WindUp","champ:ArenaPreparation","champ:DefensiveShout"],"picked":"SKIP","floor":15},{"not_picked":["champ:GladiatorForm","champ:VampiricStrike"],"picked":"champ:MurderStrike","floor":16},{"not_picked":["champ:DefensiveShout","champ:AdrenalArmor"],"picked":"champ:BladeFlurry+1","floor":22},{"not_picked":["champ:BerserkersShout+1","champ:StanceDance+1"],"picked":"champ:ShieldThrow","floor":23},{"not_picked":["champ:StanceDance+1","champ:FalseCounter+1","champ:EnGarde+1"],"picked":"SKIP","floor":25},{"not_picked":["champ:StanceDance+1","champ:FalseCounter+1"],"picked":"champ:EnGarde+1","floor":25},{"not_picked":["champ:ShieldWall","champ:FaceSlap","champ:Haymaker"],"picked":"SKIP","floor":27},{"not_picked":["champ:EnGarde+1","champ:BerserkerStyle"],"picked":"champ:BringItOn+1","floor":28},{"not_picked":["champ:FalseCounter+1","champ:Duel+1","champ:GutPunch"],"picked":"SKIP","floor":30},{"not_picked":["champ:GladiatorStyle","champ:HeartStrike","champ:Haymaker+1"],"picked":"SKIP","floor":31},{"not_picked":["champ:BringItOn+1","champ:Haymaker+1"],"picked":"champ:PerfectedStrike","floor":32},{"not_picked":["champ:SwordThrow","champ:VampiricStrike"],"picked":"champ:IgnorePain+1","floor":33},{"not_picked":["champ:Circumvent+1","champ:TornadoPunch"],"picked":"champ:Lariat+1","floor":36},{"not_picked":["champ:AdrenalArmor+1","champ:EnGarde+1","champ:IronFortress"],"picked":"SKIP","floor":37},{"not_picked":["champ:AdrenalArmor+1","champ:GutPunch+1","champ:RapidStrikes+1"],"picked":"SKIP","floor":40},{"not_picked":["champ:BladeFlurry+1","champ:Shatter+1"],"picked":"champ:FlashCut+1","floor":42},{"not_picked":["champ:FanOfKnives","champ:Haymaker","champ:StanceDance+1"],"picked":"SKIP","floor":44},{"not_picked":["champ:FlashCut","champ:ViciousMockery+1"],"picked":"champ:CrookedStrike","floor":47},{"not_picked":["champ:GutPunch+1","champ:BerserkersShout+1"],"picked":"champ:CrookedStrike+1","floor":47},{"not_picked":["champ:GutPunch+1","champ:CrookedStrike"],"picked":"champ:AdrenalArmor+1","floor":48},{"not_picked":["champ:Shatter+1","champ:FanOfKnives+1","champ:HeavySlash"],"picked":"SKIP","floor":48},{"not_picked":["champ:BladeFlurry+1","champ:ShieldSlam+1","champ:Shatter+1"],"picked":"SKIP","floor":49},{"not_picked":["champ:FancyFootwork+1","champ:EnGarde+1","champ:Lariat+1"],"picked":"SKIP","floor":49}],"player_experience":1523563,"relics_obtained":[{"floor":2,"key":"Whetstone"},{"floor":6,"key":"MealTicket"},{"floor":7,"key":"Pen Nib"},{"floor":9,"key":"Mercury Hourglass"},{"floor":12,"key":"Bronze Scales"},{"floor":20,"key":"Nilry\u0027s Codex"},{"floor":23,"key":"champ:FightingForDummies"},{"floor":23,"key":"Toxic Egg 2"},{"floor":24,"key":"MawBank"},{"floor":27,"key":"Ancient Tea Set"},{"floor":27,"key":"Oddly Smooth Stone"},{"floor":34,"key":"Orichalcum"},{"floor":34,"key":"Meat on the Bone"},{"floor":34,"key":"Thread and Needle"},{"floor":41,"key":"Strawberry"},{"floor":42,"key":"Omamori"},{"floor":42,"key":"Prayer Wheel"},{"floor":44,"key":"Pantograph"},{"floor":44,"key":"Centennial Puzzle"}],"event_choices":[{"damage_healed":0,"gold_gain":0,"player_choice":"Success","damage_taken":12,"relics_obtained":["StrikeDummy"],"max_hp_gain":0,"max_hp_loss":0,"event_name":"Scrap Ooze","floor":4,"gold_loss":0},{"cards_removed":["champ:Defend"],"damage_healed":0,"gold_gain":0,"player_choice":"Removed Skill","damage_taken":0,"max_hp_gain":0,"max_hp_loss":0,"event_name":"Falling","floor":38,"gold_loss":0}],"is_beta":false,"boss_relics":[{"not_picked":["Runic Dome","Cursed Key"],"picked":"Black Star"},{"not_picked":["Busted Crown","Sozu"],"picked":"Calling Bell"}],"items_purged_floors":[],"is_endless":false,"potions_floor_spawned":[3,14,15,27,28,32,36,44,47],"ascension_level":0}