{"gold_per_floor":[16,35,35,35,49,80,155,155,155,182,182,214,214,15,15,120,120,133,133,133,133,63,63,90,100,146,166,166,91,91,91,91,193,193,203,106,106,0,0,0,0,0,54,72,72,87,87,114,114,114],"floor_reached":50,"playtime":2573,"items_purged":["Strike_P"],"score":548,"play_id":"ed07588d-5329-45ba-93ed-7100147e13ca","local_time":"20200221113802","is_ascension_mode":true,"campfire_choices":[{"data":"EmptyFist","floor":8.0,"key":"SMITH"},{"data":"Eruption","floor":13.0,"key":"SMITH"},{"data":"DeusExMachina","floor":15.0,"key":"SMITH"},{"data":"ConjureBlade","floor":23.0,"key":"SMITH"},{"data":"Fasting2","floor":28,"key":"SMITH"},{"data":"Pray","floor":32,"key":"SMITH"},{"data":"Devotion","floor":40,"key":"SMITH"},{"data":"Panache","floor":47,"key":"SMITH"},{"data":"Prostrate","floor":49,"key":"SMITH"}],"neow_cost":"NO_GOLD","seed_source_timestamp":1010914323257400,"circlet_count":0,"master_deck":["Strike_P","Strike_P+1","Defend_P","Defend_P","Eruption+1","Vigilance+1","DeusExMachina+1","EmptyFist+1","CrushJoints","Pray+1","Prostrate+1","Wireheading","FollowUp+1","ConjureBlade+1","CurseOfTheBell","Halt+1","Necronomicurse","FearNoEvil+1","Ragnarok","Devotion+1","LikeWater","Bandage Up","EmptyBody","Worship+1","Flash of Steel","Flash of Steel","Panache+1","Scrawl"],"special_seed":0,"relics":["HolyWater","Meat on the Bone","InkBottle","Smiling Mask","Ginger","Pen Nib","Calling Bell","Juzu Bracelet","FossilizedHelix","Necronomicon","WarpedTongs","Omamori","Whetstone","Nloth\u0027s Gift","Red Mask","Ancient Tea Set","MealTicket"],"potions_floor_usage":[27,33,35,44],"damage_taken":[{"damage":0.0,"enemies":"Cultist","floor":1.0,"turns":3.0},{"damage":0.0,"enemies":"Jaw Worm","floor":2.0,"turns":2.0},{"damage":3.0,"enemies":"Small Slimes","floor":5.0,"turns":2.0},{"damage":6.0,"enemies":"3 Sentries","floor":6.0,"turns":6.0},{"damage":7.0,"enemies":"Gremlin Nob","floor":10.0,"turns":3.0},{"damage":8.0,"enemies":"3 Sentries","floor":12.0,"turns":6.0},{"damage":17.0,"enemies":"Slime Boss","floor":16.0,"turns":9.0},{"damage":0.0,"enemies":"Chosen","floor":18.0,"turns":4.0},{"damage":12.0,"enemies":"Gremlin Leader","floor":24.0,"turns":4.0},{"damage":22,"enemies":"3 Byrds","floor":25,"turns":4},{"damage":6,"enemies":"Cultist and Chosen","floor":27,"turns":4},{"damage":34,"enemies":"Champ","floor":33,"turns":7},{"damage":41,"enemies":"3 Shapes","floor":35,"turns":3},{"damage":24,"enemies":"3 Darklings","floor":44,"turns":4},{"damage":19,"enemies":"Writhing Mass","floor":46,"turns":5},{"damage":17,"enemies":"Nemesis","floor":48,"turns":5},{"damage":48,"enemies":"Awakened One","floor":50,"turns":3}],"seed_played":"1550268194200684003","potions_obtained":[{"floor":2.0,"key":"Explosive Potion"},{"floor":5.0,"key":"Weak Potion"},{"floor":16.0,"key":"SkillPotion"},{"floor":18.0,"key":"BlessingOfTheForge"},{"floor":25,"key":"Explosive Potion"},{"floor":35,"key":"PowerPotion"}],"is_trial":false,"path_per_floor":["M","M","$","?","M","E","?","R","T","E","?","E","R","$","R","B",null,"M","?","?","?","$","R","E","M","T","M","R","?","?","?","R","B",null,"M","$","?","?","?","R","?","?","T","M","?","M","R","E","R","B"],"character_chosen":"WATCHER","items_purchased":["Pen Nib","FearNoEvil","Bandage Up"],"campfire_rested":0,"item_purchase_floors":[14,22,36],"current_hp_per_floor":[72,72,72,77,74,68,57,57,57,50,35,39,39,39,39,34,77,77,61,61,61,61,61,49,39,39,45,45,45,45,45,45,23,77,48,48,48,48,48,48,48,77,77,53,43,40,40,39,39,0],"gold":114,"neow_bonus":"THREE_RARE_CARDS","is_prod":false,"is_daily":false,"chose_seed":false,"campfire_upgraded":9,"win_rate":0,"timestamp":1582303082,"path_taken":["M","M","?","?","M","E","?","R","T","E","?","E","R","$","R","BOSS","M","?","?","?","$","R","E","M","T","M","R","?","?","?","R","BOSS","M","$","?","?","?","R","?","?","T","M","?","M","R","E","R","BOSS"],"build_version":"2020-01-27","purchased_purges":1,"victory":false,"max_hp_per_floor":[72,72,72,77,77,77,77,77,77,77,77,77,77,77,77,77,77,77,77,77,77,77,77,77,77,77,77,77,77,77,77,77,77,77,77,77,77,77,77,77,77,77,77,77,77,77,77,77,77,77],"card_choices":[{"not_picked":["Wish","Scrawl"],"picked":"DeusExMachina","floor":0.0},{"not_picked":["CutThroughFate","Sanctity"],"picked":"EmptyFist","floor":1.0},{"not_picked":["ReachHeaven","Evaluate"],"picked":"CrushJoints","floor":2.0},{"not_picked":["SashWhip","EmptyBody"],"picked":"Pray","floor":5.0},{"not_picked":["FlurryOfBlows","CrushJoints"],"picked":"Prostrate","floor":6.0},{"not_picked":["FlurryOfBlows","JustLucky"],"picked":"Wireheading","floor":10.0},{"not_picked":["ReachHeaven","FlyingSleeves"],"picked":"FollowUp","floor":12.0},{"not_picked":["SpiritShield","Vault"],"picked":"ConjureBlade","floor":16.0},{"not_picked":["FlyingSleeves","EmptyBody"],"picked":"Halt+1","floor":18.0},{"not_picked":["CutThroughFate","WindmillStrike"],"picked":"Ragnarok","floor":24.0},{"not_picked":["Sanctity","FlurryOfBlows","SashWhip+1"],"picked":"SKIP","floor":25},{"not_picked":["EmptyFist+1","Halt","SashWhip"],"picked":"SKIP","floor":27},{"not_picked":["ConjureBlade","Establishment"],"picked":"Devotion","floor":33},{"not_picked":["PathToVictory+1","JustLucky"],"picked":"LikeWater","floor":35},{"not_picked":["Vengeance+1","CutThroughFate+1"],"picked":"Worship+1","floor":44},{"not_picked":["Jack Of All Trades","Good Instincts"],"picked":"Flash of Steel","floor":45},{"not_picked":["The Bomb","Trip"],"picked":"Flash of Steel","floor":45},{"not_picked":["PanicButton","Forethought"],"picked":"Panache","floor":45},{"not_picked":["CrushJoints","Wallop+1","EmptyBody"],"picked":"SKIP","floor":46},{"not_picked":["Adaptation","CutThroughFate"],"picked":"Scrawl","floor":48}],"player_experience":1068252,"relics_obtained":[{"floor":6.0,"key":"Meat on the Bone"},{"floor":9.0,"key":"InkBottle"},{"floor":10.0,"key":"Smiling Mask"},{"floor":12.0,"key":"Ginger"},{"floor":17.0,"key":"Juzu Bracelet"},{"floor":17.0,"key":"Sundial"},{"floor":17.0,"key":"FossilizedHelix"},{"floor":19.0,"key":"Necronomicon"},{"floor":24.0,"key":"Omamori"},{"floor":26,"key":"Whetstone"},{"floor":43,"key":"Ancient Tea Set"},{"floor":48,"key":"MealTicket"}],"event_choices":[{"damage_healed":0.0,"max_hp_gain":5.0,"max_hp_loss":0.0,"gold_gain":0.0,"event_name":"Big Fish","player_choice":"Donut","floor":4.0,"gold_loss":0.0,"damage_taken":0.0},{"damage_healed":0.0,"max_hp_gain":0.0,"max_hp_loss":0.0,"gold_gain":75.0,"event_name":"World of Goop","player_choice":"Gather Gold","floor":7.0,"gold_loss":0.0,"damage_taken":11.0},{"damage_healed":0.0,"max_hp_gain":0.0,"max_hp_loss":0.0,"gold_gain":0.0,"event_name":"Shining Light","player_choice":"Entered Light","floor":11.0,"gold_loss":0.0,"damage_taken":15.0,"cards_upgraded":["Strike_P","Vigilance"]},{"damage_healed":0.0,"max_hp_gain":0.0,"max_hp_loss":0.0,"gold_gain":0.0,"event_name":"Cursed Tome","player_choice":"Obtained Book","floor":19.0,"gold_loss":0.0,"damage_taken":16.0},{"damage_healed":0.0,"max_hp_gain":0.0,"max_hp_loss":0.0,"gold_gain":0.0,"event_name":"Accursed Blacksmith","player_choice":"Rummage","floor":20.0,"gold_loss":0.0,"damage_taken":0.0,"relics_obtained":["WarpedTongs"],"cards_obtained":["Pain"]},{"damage_healed":0.0,"max_hp_gain":0.0,"max_hp_loss":0.0,"gold_gain":0.0,"cards_transformed":["Strike_P","Defend_P"],"event_name":"Drug Dealer","player_choice":"Became Test Subject","floor":21.0,"gold_loss":0.0,"damage_taken":0.0,"cards_obtained":["Swivel","Fasting2"]},{"cards_removed":["Pain"],"damage_healed":0,"gold_gain":0,"player_choice":"Gave Gold","damage_taken":0,"max_hp_gain":0,"max_hp_loss":0,"event_name":"Beggar","floor":29,"gold_loss":75},{"damage_healed":0,"gold_gain":0,"player_choice":"Ignored","damage_taken":0,"max_hp_gain":0,"max_hp_loss":0,"event_name":"Vampires","floor":30,"gold_loss":0},{"damage_healed":0,"gold_gain":0,"player_choice":"Traded Relic","damage_taken":0,"relics_obtained":["Nloth\u0027s Gift"],"max_hp_gain":0,"max_hp_loss":0,"event_name":"N\u0027loth","floor":31,"relics_lost":["Sundial"],"gold_loss":0},{"damage_healed":0,"gold_gain":0,"cards_transformed":["Defend_P"],"player_choice":"Transformed","damage_taken":0,"max_hp_gain":0,"max_hp_loss":0,"event_name":"Transmorgrifier","floor":37,"gold_loss":0,"cards_obtained":["EmptyBody"]},{"damage_healed":0,"gold_gain":0,"player_choice":"Paid","damage_taken":0,"relics_obtained":["Red Mask"],"max_hp_gain":0,"max_hp_loss":0,"event_name":"Tomb of Lord Red Mask","floor":38,"gold_loss":106},{"damage_healed":0,"gold_gain":0,"player_choice":"0 cards matched","damage_taken":0,"max_hp_gain":0,"max_hp_loss":0,"event_name":"Match and Keep!","floor":39,"gold_loss":0,"cards_obtained":[]},{"cards_removed":["Swivel"],"damage_healed":0,"gold_gain":0,"player_choice":"Removed Skill","damage_taken":0,"max_hp_gain":0,"max_hp_loss":0,"event_name":"Falling","floor":41,"gold_loss":0},{"cards_removed":["Fasting2"],"damage_healed":29,"gold_gain":0,"player_choice":"Offered Uncommon","damage_taken":0,"max_hp_gain":0,"max_hp_loss":0,"event_name":"Bonfire Elementals","floor":42,"gold_loss":0},{"damage_healed":0,"gold_gain":0,"player_choice":"Memory 3","damage_taken":10,"max_hp_gain":0,"max_hp_loss":0,"event_name":"SensoryStone","floor":45,"gold_loss":0}],"is_beta":false,"boss_relics":[{"not_picked":["SlaversCollar","SacredBark"],"picked":"Calling Bell"},{"not_picked":["Snecko Eye","Astrolabe"],"picked":"HolyWater"}],"items_purged_floors":[14],"is_endless":false,"potions_floor_spawned":[2,5,16,18,25,35],"killed_by":"Awakened One","ascension_level":1}