{"gold_per_floor":[111,121,121,133,133,133,164,187,187,2,2,2,14,71,83,225,309,344,455,467,499,536,548],"floor_reached":23,"playtime":1350,"items_purged":[],"score":235,"play_id":"5b0d3adc-c5e4-46f5-ba18-8c9fa18aa4b7","local_time":"20200221130108","is_ascension_mode":true,"campfire_choices":[{"data":"Eruption","floor":6.0,"key":"SMITH"},{"floor":13.0,"key":"REST"},{"floor":15.0,"key":"REST"}],"neow_cost":"NONE","seed_source_timestamp":1023262378006200,"circlet_count":0,"master_deck":["Eruption+1","Vigilance","ThirdEye","Vengeance","DeceiveReality","Nirvana","WindmillStrike","Apotheosis","ClearTheMind","Vault","Devotion","InnerPeace","ClearTheMind","SashWhip","DeceiveReality","EmptyBody","Blasphemy","FlurryOfBlows","FlurryOfBlows","Indignation"],"special_seed":0,"relics":["PureWater","Smiling Mask","FaceOfCleric","Golden Idol","White Beast Statue","Yang","MawBank","CeramicFish","Pandora\u0027s Box"],"potions_floor_usage":[23],"damage_taken":[{"damage":0.0,"enemies":"Small Slimes","floor":1.0,"turns":2.0},{"damage":0.0,"enemies":"Cultist","floor":2.0,"turns":2.0},{"damage":6.0,"enemies":"2 Louse","floor":4.0,"turns":2.0},{"damage":58.0,"enemies":"Lagavulin","floor":7.0,"turns":6.0},{"damage":7.0,"enemies":"Blue Slaver","floor":8.0,"turns":5.0},{"damage":25.0,"enemies":"Gremlin Nob","floor":14.0,"turns":5.0},{"damage":24.0,"enemies":"The Guardian","floor":16.0,"turns":11.0},{"damage":10.0,"enemies":"Chosen","floor":18.0,"turns":5.0},{"damage":3,"enemies":"3 Byrds","floor":21,"turns":5},{"damage":2,"enemies":"Shelled Parasite and Fungi","floor":22,"turns":4},{"damage":100018,"enemies":"Gremlin Leader","floor":23,"turns":7}],"seed_played":"-8428335832962017033","potions_obtained":[{"floor":1.0,"key":"GamblersBrew"},{"floor":7.0,"key":"SpeedPotion"},{"floor":8.0,"key":"ColorlessPotion"},{"floor":14.0,"key":"GamblersBrew"},{"floor":16.0,"key":"Strength Potion"},{"floor":18.0,"key":"SpeedPotion"},{"floor":22,"key":"Explosive Potion"}],"is_trial":false,"path_per_floor":["M","M","?","M","?","R","E","M","T","$","?","?","R","E","R","B",null,"M","?","?","M","M","E"],"character_chosen":"WATCHER","items_purchased":["Apotheosis"],"campfire_rested":2,"item_purchase_floors":[10],"current_hp_per_floor":[72,72,72,67,67,67,10,4,4,4,21,14,35,11,32,9,72,63,63,63,61,60,0],"gold":548,"neow_bonus":"RANDOM_COMMON_RELIC","is_prod":false,"is_daily":false,"chose_seed":false,"campfire_upgraded":1,"win_rate":0,"timestamp":1582308068,"path_taken":["M","M","?","?","?","R","E","M","T","$","?","?","R","E","R","BOSS","M","?","?","M","M","E"],"build_version":"2020-01-27","purchased_purges":0,"victory":false,"max_hp_per_floor":[72,72,72,73,68,68,69,70,70,70,70,70,70,71,71,72,72,73,73,70,71,72,72],"card_choices":[{"not_picked":["Swivel","SandsOfTime"],"picked":"ThirdEye","floor":1.0},{"not_picked":["WaveOfTheHand","Swivel"],"picked":"Vengeance","floor":2.0},{"not_picked":["Crescendo","WaveOfTheHand"],"picked":"DeceiveReality","floor":4.0},{"not_picked":["Collect","EmptyFist"],"picked":"Nirvana","floor":7.0},{"not_picked":["Vengeance","Adaptation"],"picked":"WindmillStrike","floor":8.0},{"not_picked":["SpiritShield","JustLucky"],"picked":"ClearTheMind","floor":14.0},{"not_picked":["Wish","Scrawl"],"picked":"Vault","floor":16.0},{"not_picked":["Prostrate","JustLucky+1"],"picked":"FlurryOfBlows","floor":18.0},{"not_picked":["EmptyFist","Protect","Swivel"],"picked":"SKIP","floor":21},{"not_picked":["Prostrate","Evaluate"],"picked":"Indignation","floor":22}],"player_experience":1070825,"relics_obtained":[{"floor":7.0,"key":"White Beast Statue"},{"floor":9.0,"key":"Yang"},{"floor":14.0,"key":"CeramicFish"}],"event_choices":[{"damage_healed":0.0,"max_hp_gain":0.0,"max_hp_loss":0.0,"gold_gain":0.0,"event_name":"FaceTrader","player_choice":"Trade","floor":3.0,"gold_loss":0.0,"damage_taken":0.0,"relics_obtained":["FaceOfCleric"]},{"damage_healed":0.0,"max_hp_gain":0.0,"max_hp_loss":5.0,"gold_gain":0.0,"event_name":"Golden Idol","player_choice":"Lose Max HP","floor":5.0,"gold_loss":0.0,"damage_taken":0.0,"relics_obtained":["Golden Idol"]},{"damage_healed":17.0,"max_hp_gain":0.0,"max_hp_loss":0.0,"gold_gain":0.0,"event_name":"Mushrooms","player_choice":"Healed and dodged fight","floor":11.0,"gold_loss":0.0,"damage_taken":0.0,"cards_obtained":["Parasite"]},{"damage_healed":0.0,"max_hp_gain":0.0,"max_hp_loss":0.0,"gold_gain":0.0,"event_name":"Scrap Ooze","player_choice":"Success","floor":12.0,"gold_loss":0.0,"damage_taken":7.0,"relics_obtained":["MawBank"]},{"damage_healed":0.0,"max_hp_gain":0.0,"max_hp_loss":0.0,"gold_gain":99.0,"event_name":"Nest","player_choice":"Stole From Cult","floor":19.0,"gold_loss":0.0,"damage_taken":0.0},{"cards_removed":["Parasite"],"damage_healed":0.0,"max_hp_gain":0.0,"max_hp_loss":0.0,"gold_gain":0.0,"event_name":"Back to Basics","player_choice":"Elegance","floor":20.0,"gold_loss":0.0,"damage_taken":0.0}],"is_beta":false,"boss_relics":[{"not_picked":["Ectoplasm","Black Star"],"picked":"Pandora\u0027s Box"}],"items_purged_floors":[],"is_endless":false,"potions_floor_spawned":[1,7,8,14,16,18,21,22],"killed_by":"Gremlin Leader","ascension_level":1}