{"gold_per_floor":[116,134,66,84,159,186,197,232,232,242,258,258,293,331,331,432,432,443,141,141,18,34,34,69,79,105,105],"floor_reached":27,"playtime":1523,"items_purged":["Injury","Shame"],"score":268,"play_id":"b141a696-d341-4b7a-965a-a57270d14fb6","local_time":"20200220134940","is_ascension_mode":true,"campfire_choices":[{"floor":12,"key":"REST"},{"floor":15,"key":"REST"},{"floor":23,"key":"REST"}],"neow_cost":"CURSE","seed_source_timestamp":939650813497100,"circlet_count":0,"master_deck":["Strike_P","Strike_P","Strike_P","Strike_P","Defend_P","Defend_P","Defend_P","Defend_P","Eruption","Vigilance","Meditate","CutThroughFate","Conclude","Prostrate","PathToVictory","Crescendo","Vault","Worship","ForeignInfluence","PathToVictory","Judgement","CutThroughFate","Wireheading","JustLucky","PathToVictory","DevaForm","ThirdEye"],"relics":["PureWater","Unceasing Top","Anchor","Ancient Tea Set","Nunchaku","Question Card","SlaversCollar","Oddly Smooth Stone","Orichalcum","Pocketwatch","PreservedInsect"],"potions_floor_usage":[6,8,8,16],"damage_taken":[{"damage":3,"enemies":"Cultist","floor":1,"turns":4},{"damage":0,"enemies":"Small Slimes","floor":2,"turns":2},{"damage":6,"enemies":"Jaw Worm","floor":4,"turns":3},{"damage":24,"enemies":"Gremlin Nob","floor":6,"turns":4},{"damage":0,"enemies":"Lots of Slimes","floor":7,"turns":1},{"damage":13,"enemies":"3 Sentries","floor":8,"turns":4},{"damage":0,"enemies":"Blue Slaver","floor":10,"turns":2},{"damage":11,"enemies":"Red Slaver","floor":11,"turns":4},{"damage":23,"enemies":"Lagavulin","floor":13,"turns":7},{"damage":4,"enemies":"Gremlin Gang","floor":14,"turns":4},{"damage":12,"enemies":"Slime Boss","floor":16,"turns":9},{"damage":29,"enemies":"Shell Parasite","floor":18,"turns":7},{"damage":17,"enemies":"2 Thieves","floor":22,"turns":3},{"damage":22,"enemies":"Slavers","floor":24,"turns":6},{"damage":6,"enemies":"Snecko","floor":25,"turns":4},{"damage":20,"enemies":"Centurion and Healer","floor":27,"turns":5}],"seed_played":"3679179517939618536","potions_obtained":[{"floor":2,"key":"GamblersBrew"},{"floor":4,"key":"Regen Potion"},{"floor":6,"key":"Fire Potion"},{"floor":10,"key":"Dexterity Potion"},{"floor":13,"key":"Ambrosia"},{"floor":18,"key":"SpeedPotion"},{"floor":22,"key":"CultistPotion"}],"is_trial":false,"path_per_floor":["M","M","$","M","?","E","M","E","T","M","M","R","E","M","R","B",null,"M","$","?","$","M","R","E","M","T","M"],"character_chosen":"WATCHER","items_purchased":["Conclude","Wireheading","Oddly Smooth Stone","JustLucky"],"campfire_rested":3,"item_purchase_floors":[3,19,19,21],"current_hp_per_floor":[69,69,69,63,52,28,28,27,27,27,16,37,14,10,31,19,72,43,43,43,43,26,47,25,19,19,0],"gold":105,"neow_bonus":"ONE_RARE_RELIC","is_prod":false,"is_daily":false,"chose_seed":false,"campfire_upgraded":0,"win_rate":0,"timestamp":1582224580,"path_taken":["M","?","$","M","?","E","M","E","T","M","M","R","E","M","R","BOSS","M","$","?","$","M","R","E","M","T","M"],"build_version":"2020-01-27","purchased_purges":2,"victory":false,"max_hp_per_floor":[72,72,72,72,72,72,72,72,72,72,72,72,72,72,72,72,72,72,72,72,72,72,72,72,72,72,72],"card_choices":[{"not_picked":["Evaluate","Protect"],"picked":"Meditate","floor":1},{"not_picked":["FollowUp","WheelKick"],"picked":"CutThroughFate","floor":2},{"not_picked":["Fasting2","SashWhip"],"picked":"Prostrate","floor":4},{"not_picked":["EmptyFist","WaveOfTheHand"],"picked":"PathToVictory","floor":6},{"not_picked":["FlyingSleeves","EmptyFist"],"picked":"Crescendo","floor":7},{"not_picked":["WaveOfTheHand","EmptyBody"],"picked":"Vault","floor":8},{"not_picked":["Perseverance","Tantrum"],"picked":"Worship","floor":10},{"not_picked":["Study","BowlingBash","CarveReality"],"picked":"SKIP","floor":11},{"not_picked":["Conclude","Alpha"],"picked":"ForeignInfluence","floor":13},{"not_picked":["Adaptation","EmptyBody","Evaluate"],"picked":"PathToVictory","floor":14},{"not_picked":["Omniscience","Vault","Wish"],"picked":"Judgement","floor":16},{"not_picked":["Consecrate","Evaluate","Adaptation+1"],"picked":"CutThroughFate","floor":18},{"not_picked":["Evaluate","Perseverance","SandsOfTime+1"],"picked":"PathToVictory","floor":22},{"not_picked":["ClearTheMind+1","FollowUp","Crescendo"],"picked":"DevaForm","floor":24},{"not_picked":["Consecrate","JustLucky","ForeignInfluence"],"picked":"ThirdEye","floor":25}],"player_experience":1066729,"relics_obtained":[{"floor":6,"key":"Anchor"},{"floor":8,"key":"Ancient Tea Set"},{"floor":9,"key":"Nunchaku"},{"floor":13,"key":"Question Card"},{"floor":24,"key":"Pocketwatch"},{"floor":26,"key":"PreservedInsect"}],"event_choices":[{"damage_healed":0,"gold_gain":75,"player_choice":"Gather Gold","damage_taken":11,"max_hp_gain":0,"max_hp_loss":0,"event_name":"World of Goop","floor":5,"gold_loss":0},{"damage_healed":0,"gold_gain":0,"player_choice":"Stole Relic","damage_taken":0,"relics_obtained":["Orichalcum"],"max_hp_gain":0,"max_hp_loss":0,"event_name":"Addict","floor":20,"gold_loss":0,"cards_obtained":["Shame"]}],"is_beta":false,"boss_relics":[{"not_picked":["Runic Dome","Fusion Hammer"],"picked":"SlaversCollar"}],"items_purged_floors":[19,21],"is_endless":false,"potions_floor_spawned":[2,4,6,10,13,18,22,25],"killed_by":"Centurion and Healer","ascension_level":1}