{"gold_per_floor":[115,0,0,14,89,89,89,114,114,148,165,192,210,178,178,278,278,295,307,45,45,45,74,74,74,74,74,108,38,38,73,73,173,173,193,468,478,478,497,529,529,529,529,559,588,632,34,34,34,34,34,34,4,34,34],"floor_reached":55,"playtime":3364,"items_purged":["Regret"],"score":1033,"play_id":"71eae914-f8e2-4cf6-a2f7-b4b00d657d21","local_time":"20200223210548","is_ascension_mode":true,"campfire_choices":[{"data":"Eruption","floor":6,"key":"SMITH"},{"data":"LikeWater","floor":15,"key":"SMITH"},{"floor":24,"key":"REST"},{"floor":27,"key":"REST"},{"floor":32,"key":"REST"},{"floor":42,"key":"RECALL"},{"floor":49,"key":"REST"},{"floor":52,"key":"REST"}],"neow_cost":"NONE","seed_source_timestamp":165009139428400,"circlet_count":0,"master_deck":["Strike_P","Strike_P","Strike_P","Defend_P","Defend_P","Defend_P","Defend_P","Eruption+1","Vigilance","LikeWater","LikeWater","InnerPeace","CrushJoints","Consecrate","EmptyFist","Halt","FearNoEvil","LikeWater+1","DevaForm","MentalFortress","Fasting2","Fasting2","LikeWater","LikeWater+1","Necronomicurse","LikeWater","Purity","DevaForm","FlurryOfBlows+1","ForeignInfluence+1","LikeWater","ForeignInfluence+1","Mayhem"],"relics":["Runic Pyramid","The Courier","Gremlin Horn","Art of War","Mango","Fusion Hammer","DollysMirror","Thread and Needle","Necronomicon","Letter Opener","Pen Nib","Boot","Black Star","Happy Flower","Anchor","Ornamental Fan","CeramicFish","Lantern","Damaru","Membership Card","Pear","Bottled Tornado","Akabeko","Bag of Marbles","Vajra","FossilizedHelix","Strawberry"],"potions_floor_usage":[16,16,16,31,33,50,55],"damage_taken":[{"damage":0,"enemies":"2 Louse","floor":1,"turns":2},{"damage":0,"enemies":"Small Slimes","floor":4,"turns":3},{"damage":3,"enemies":"Gremlin Nob","floor":8,"turns":4},{"damage":5,"enemies":"3 Sentries","floor":10,"turns":6},{"damage":0,"enemies":"Cultist","floor":11,"turns":3},{"damage":3,"enemies":"Lagavulin","floor":12,"turns":5},{"damage":0,"enemies":"3 Louse","floor":13,"turns":3},{"damage":2,"enemies":"Slime Boss","floor":16,"turns":6},{"damage":13,"enemies":"3 Byrds","floor":18,"turns":6},{"damage":22,"enemies":"2 Thieves","floor":19,"turns":4},{"damage":30,"enemies":"Slavers","floor":23,"turns":7},{"damage":19,"enemies":"Book of Stabbing","floor":28,"turns":5},{"damage":38,"enemies":"Slavers","floor":31,"turns":7},{"damage":23,"enemies":"Collector","floor":33,"turns":10},{"damage":32,"enemies":"Orb Walker","floor":35,"turns":7},{"damage":21,"enemies":"3 Shapes","floor":37,"turns":9},{"damage":16,"enemies":"Spire Growth","floor":39,"turns":4},{"damage":0,"enemies":"Giant Head","floor":40,"turns":9},{"damage":20,"enemies":"Nemesis","floor":44,"turns":9},{"damage":11,"enemies":"Jaw Worm Horde","floor":45,"turns":6},{"damage":0,"enemies":"Giant Head","floor":46,"turns":8},{"damage":40,"enemies":"Awakened One","floor":50,"turns":10},{"damage":57,"enemies":"Shield and Spear","floor":54,"turns":10},{"damage":141,"enemies":"The Heart","floor":55,"turns":3}],"seed_played":"4786067603576167073","potions_obtained":[{"floor":1,"key":"BottledMiracle"},{"floor":4,"key":"Dexterity Potion"},{"floor":11,"key":"FearPotion"},{"floor":28,"key":"AttackPotion"},{"floor":31,"key":"PowerPotion"},{"floor":33,"key":"Strength Potion"},{"floor":39,"key":"Strength Potion"},{"floor":40,"key":"LiquidMemories"}],"is_trial":false,"path_per_floor":["M","$","?","M","?","R","?","E","T","E","M","E","M","$","R","B",null,"M","M","$","?","$","E","R","?","T","R","E","$","?","E","R","B",null,"M","?","M","?","M","E","?","R","T","E","M","E","$","?","R","B",null,"R","$","E","B"],"character_chosen":"WATCHER","items_purchased":["LikeWater","InnerPeace","LikeWater","Fasting2","Fasting2","LikeWater","DollysMirror","Purity","Membership Card","Pear","Mayhem","Bottled Tornado","Akabeko","Bag of Marbles","Vajra","EssenceOfSteel"],"campfire_rested":5,"item_purchase_floors":[2,2,14,20,20,20,20,29,47,47,47,47,47,47,47,53],"current_hp_per_floor":[72,72,77,77,66,66,59,56,56,51,51,62,62,62,62,60,91,78,56,56,56,56,26,53,37,37,64,45,45,75,37,64,41,91,59,59,38,80,64,64,64,64,64,44,33,33,43,43,68,28,86,86,86,36,0],"gold":34,"neow_bonus":"BOSS_RELIC","is_prod":false,"is_daily":false,"chose_seed":false,"campfire_upgraded":2,"win_rate":0,"timestamp":1582509948,"path_taken":["M","$","?","M","?","R","?","E","T","E","M","E","M","$","R","BOSS","M","M","$","?","?","E","R","?","T","R","E","$","?","E","R","BOSS","M","?","?","?","M","E","?","R","T","E","M","E","$","?","R","BOSS","R","$","E","BOSS"],"build_version":"2020-01-27","purchased_purges":1,"victory":false,"max_hp_per_floor":[72,72,77,77,77,77,77,77,77,77,77,91,91,91,91,91,91,91,91,91,91,91,91,91,91,91,91,91,91,91,91,91,91,91,91,91,91,80,80,80,76,76,76,76,76,76,86,86,86,86,86,86,86,93,93],"card_choices":[{"not_picked":["InnerPeace","EmptyFist"],"picked":"LikeWater","floor":1},{"not_picked":["SandsOfTime","FlyingSleeves"],"picked":"CrushJoints","floor":4},{"not_picked":["BowlingBash","Perseverance"],"picked":"Consecrate","floor":8},{"not_picked":["CutThroughFate","Crescendo"],"picked":"Adaptation","floor":10},{"not_picked":["JustLucky","Evaluate"],"picked":"EmptyFist","floor":11},{"not_picked":["WheelKick","JustLucky"],"picked":"Halt","floor":12},{"not_picked":["CutThroughFate","SandsOfTime"],"picked":"FearNoEvil","floor":13},{"not_picked":["Alpha","Devotion"],"picked":"DevaForm","floor":16},{"not_picked":["Wallop","CutThroughFate","Perseverance"],"picked":"SKIP","floor":18},{"not_picked":["WindmillStrike","ThirdEye+1"],"picked":"MentalFortress","floor":19},{"not_picked":["CrushJoints","Prostrate","MasterReality"],"picked":"SKIP","floor":23},{"not_picked":["Swivel","BattleHymn"],"picked":"LikeWater","floor":28},{"not_picked":["ClearTheMind","Protect","Crescendo"],"picked":"SKIP","floor":31},{"not_picked":["MasterReality","Alpha"],"picked":"DevaForm","floor":33},{"not_picked":["CarveReality+1","ThirdEye"],"picked":"FlurryOfBlows+1","floor":35},{"not_picked":["Prostrate","FollowUp+1"],"picked":"ForeignInfluence+1","floor":37},{"not_picked":["InnerPeace+1","Protect","WreathOfFlame+1"],"picked":"SKIP","floor":39},{"not_picked":["WreathOfFlame","ForeignInfluence","Wish"],"picked":"SKIP","floor":40},{"not_picked":["Weave","Halt+1","Meditate+1"],"picked":"SKIP","floor":44},{"not_picked":["CutThroughFate","ThirdEye"],"picked":"LikeWater","floor":45},{"not_picked":["ThirdEye","Omniscience"],"picked":"ForeignInfluence+1","floor":46},{"not_picked":["WreathOfFlame+1","ThirdEye+1","FollowUp"],"picked":"SKIP","floor":54}],"player_experience":1085823,"relics_obtained":[{"floor":8,"key":"The Courier"},{"floor":9,"key":"Gremlin Horn"},{"floor":10,"key":"Art of War"},{"floor":12,"key":"Mango"},{"floor":23,"key":"Thread and Needle"},{"floor":25,"key":"Necronomicon"},{"floor":26,"key":"Letter Opener"},{"floor":28,"key":"Pen Nib"},{"floor":31,"key":"Boot"},{"floor":40,"key":"Happy Flower"},{"floor":40,"key":"Anchor"},{"floor":44,"key":"Ornamental Fan"},{"floor":44,"key":"CeramicFish"},{"floor":46,"key":"Lantern"},{"floor":46,"key":"Damaru"},{"floor":54,"key":"FossilizedHelix"},{"floor":54,"key":"Strawberry"}],"event_choices":[{"damage_healed":0,"gold_gain":0,"player_choice":"Donut","damage_taken":0,"max_hp_gain":5,"max_hp_loss":0,"event_name":"Big Fish","floor":3,"gold_loss":0},{"damage_healed":0,"gold_gain":75,"player_choice":"Gather Gold","damage_taken":11,"max_hp_gain":0,"max_hp_loss":0,"event_name":"World of Goop","floor":5,"gold_loss":0},{"cards_removed":["Strike_P"],"damage_healed":0,"gold_gain":0,"player_choice":"Card Removal","damage_taken":7,"max_hp_gain":0,"max_hp_loss":0,"event_name":"Golden Wing","floor":7,"gold_loss":0},{"damage_healed":0,"gold_gain":0,"player_choice":"Ignored","damage_taken":0,"max_hp_gain":0,"max_hp_loss":0,"event_name":"WeMeetAgain","floor":21,"gold_loss":0},{"damage_healed":0,"gold_gain":0,"player_choice":"Obtained Book","damage_taken":16,"max_hp_gain":0,"max_hp_loss":0,"event_name":"Cursed Tome","floor":25,"gold_loss":0},{"damage_healed":30,"gold_gain":0,"player_choice":"Heal","damage_taken":0,"max_hp_gain":0,"max_hp_loss":0,"event_name":"The Library","floor":30,"gold_loss":0},{"damage_healed":0,"gold_gain":275,"player_choice":"Desecrate","damage_taken":0,"max_hp_gain":0,"max_hp_loss":0,"event_name":"Golden Shrine","floor":36,"gold_loss":0,"cards_obtained":["Regret"]},{"damage_healed":80,"gold_gain":0,"player_choice":"Heal","damage_taken":0,"max_hp_gain":0,"max_hp_loss":11,"event_name":"The Moai Head","floor":38,"gold_loss":0},{"damage_healed":0,"gold_gain":0,"player_choice":"Max HP","damage_taken":0,"max_hp_gain":0,"max_hp_loss":4,"event_name":"Winding Halls","floor":41,"gold_loss":0},{"cards_removed":["Adaptation"],"damage_healed":0,"gold_gain":0,"player_choice":"Removed Power","damage_taken":0,"max_hp_gain":0,"max_hp_loss":0,"event_name":"Falling","floor":48,"gold_loss":0}],"is_beta":false,"boss_relics":[{"not_picked":["Coffee Dripper","Ectoplasm"],"picked":"Fusion Hammer"},{"not_picked":["Busted Crown","Runic Dome"],"picked":"Black Star"}],"items_purged_floors":[47],"is_endless":false,"potions_floor_spawned":[1,4,11,13,28,31,33,39,40],"killed_by":"The Heart","ascension_level":2}