{"gold_per_floor":[19,19,30,42,62,237,1,1,28,57,57,85,105,105],"floor_reached":14,"playtime":772,"items_purged":["Doubt"],"score":156,"play_id":"251f19c5-95d2-4fc3-93a0-aeed834a427b","local_time":"20200506190430","is_ascension_mode":true,"campfire_choices":[{"data":"Eruption","floor":11,"key":"SMITH"}],"neow_cost":"NO_GOLD","seed_source_timestamp":33087023618000,"circlet_count":0,"master_deck":["Strike_P","Strike_P","Strike_P","Defend_P","Defend_P","Defend_P","Eruption+1","Vigilance","Mayhem","Prostrate","Pray","Consecrate","TalkToTheHand","Wallop","Flash of Steel","Conclude","DevaForm"],"relics":["PureWater","Art of War","PreservedInsect","Dream Catcher"],"potions_floor_usage":[],"damage_taken":[{"damage":5,"enemies":"Small Slimes","floor":1,"turns":5},{"damage":2,"enemies":"Cultist","floor":3,"turns":4},{"damage":7,"enemies":"2 Louse","floor":4,"turns":3},{"damage":3,"enemies":"2 Fungi Beasts","floor":5,"turns":3},{"damage":0,"enemies":"Lagavulin","floor":10,"turns":6},{"damage":26,"enemies":"Gremlin Nob","floor":12,"turns":4},{"damage":2,"enemies":"Large Slime","floor":13,"turns":5},{"damage":21,"enemies":"3 Louse","floor":14,"turns":1}],"seed_played":"-4793495705403763201","potions_obtained":[{"floor":1,"key":"LiquidBronze"},{"floor":3,"key":"Dexterity Potion"},{"floor":10,"key":"FearPotion"}],"is_trial":false,"path_per_floor":["M","?","M","M","M","?","$","?","T","E","R","E","M","M"],"character_chosen":"WATCHER","items_purchased":["Wallop","Flash of Steel"],"campfire_rested":0,"item_purchase_floors":[7,7],"current_hp_per_floor":[67,67,65,58,55,55,55,48,48,48,48,22,20,0],"gold":105,"neow_bonus":"RANDOM_COLORLESS_2","is_prod":false,"is_daily":false,"chose_seed":false,"campfire_upgraded":1,"win_rate":0,"timestamp":1588806270,"path_taken":["M","?","M","?","M","?","$","?","T","E","R","E","M","M"],"build_version":"2020-01-27","purchased_purges":1,"victory":false,"max_hp_per_floor":[72,72,72,72,72,72,72,72,72,72,72,72,72,72],"card_choices":[{"not_picked":["Metamorphosis","Thinking Ahead"],"picked":"Mayhem","floor":0},{"not_picked":["CrushJoints","Weave"],"picked":"Prostrate","floor":1},{"not_picked":["DeceiveReality","Fasting2","ThirdEye"],"picked":"SKIP","floor":3},{"not_picked":["ClearTheMind","ThirdEye"],"picked":"Consecrate","floor":4},{"not_picked":["Judgement","Weave"],"picked":"TalkToTheHand","floor":5},{"not_picked":["LikeWater","FlyingSleeves"],"picked":"Conclude","floor":10},{"not_picked":["SashWhip","PathToVictory"],"picked":"DevaForm","floor":12},{"not_picked":["CutThroughFate","FlyingSleeves","Evaluate"],"picked":"SKIP","floor":13}],"player_experience":1102207,"relics_obtained":[{"floor":9,"key":"Art of War"},{"floor":10,"key":"PreservedInsect"},{"floor":12,"key":"Dream Catcher"}],"event_choices":[{"damage_healed":0,"gold_gain":0,"cards_transformed":["Strike_P"],"player_choice":"Transformed","damage_taken":0,"max_hp_gain":0,"max_hp_loss":0,"event_name":"Transmorgrifier","floor":2,"gold_loss":0,"cards_obtained":["Pray"]},{"damage_healed":0,"gold_gain":175,"player_choice":"AGREE","damage_taken":0,"max_hp_gain":0,"max_hp_loss":0,"event_name":"Liars Game","floor":6,"gold_loss":0,"cards_obtained":["Doubt"]},{"cards_removed":["Defend_P"],"damage_healed":0,"gold_gain":0,"player_choice":"Card Removal","damage_taken":7,"max_hp_gain":0,"max_hp_loss":0,"event_name":"Golden Wing","floor":8,"gold_loss":0}],"is_beta":false,"boss_relics":[],"items_purged_floors":[7],"is_endless":false,"potions_floor_spawned":[1,3,10,13],"killed_by":"3 Louse","ascension_level":5}