{"gold_per_floor":[109,123,298,298,311,311,11,11,11,11,45,80,100,124,124,254,254,268,29,54,54,54,85,285,308,335,38,38,53,53,78,78,213,213,246,267,267,267,299,299,299],"floor_reached":41,"playtime":1830,"items_purged":["Doubt"],"score":570,"play_id":"4379f4fe-251e-4af1-9aa2-9a6bff2023e0","local_time":"20200512210500","is_ascension_mode":true,"campfire_choices":[{"data":"CrushJoints","floor":6.0,"key":"SMITH"},{"data":"SignatureMove","floor":10.0,"key":"SMITH"},{"floor":15.0,"key":"REST"},{"data":"Wish","floor":28.0,"key":"SMITH"},{"data":"Worship","floor":30.0,"key":"SMITH"},{"data":"Vault","floor":32.0,"key":"SMITH"},{"floor":40,"key":"REST"}],"neow_cost":"NONE","seed_source_timestamp":0,"circlet_count":0,"master_deck":["Eruption","Vigilance","CrushJoints+1","FollowUp+1","MasterReality","SignatureMove+1","Consecrate","FlurryOfBlows","FlurryOfBlows","CarveReality","LessonLearned","Evaluate","Worship+1","Judgement","Swivel","Vault+1","ClearTheMind","Wish+1","Dark Shackles","TalkToTheHand","FollowUp+1","Devotion","ForeignInfluence+1","Prostrate"],"special_seed":0,"relics":["PureWater","NeowsBlessing","Golden Idol","Ornamental Fan","Odd Mushroom","Ginger","Pandora\u0027s Box","Oddly Smooth Stone","Pen Nib","CeramicFish","Lee\u0027s Waffle","Akabeko","VioletLotus","Bottled Tornado"],"potions_floor_usage":[],"damage_taken":[{"damage":0.0,"enemies":"2 Louse","floor":1.0,"turns":1.0},{"damage":0.0,"enemies":"Small Slimes","floor":2.0,"turns":1.0},{"damage":0.0,"enemies":"Jaw Worm","floor":5.0,"turns":1.0},{"damage":5.0,"enemies":"The Mushroom Lair","floor":11.0,"turns":3.0},{"damage":16.0,"enemies":"3 Sentries","floor":12.0,"turns":5.0},{"damage":16.0,"enemies":"Lots of Slimes","floor":13.0,"turns":3.0},{"damage":0.0,"enemies":"Large Slime","floor":14.0,"turns":2.0},{"damage":21.0,"enemies":"Hexaghost","floor":16.0,"turns":3.0},{"damage":0.0,"enemies":"Chosen","floor":18.0,"turns":4.0},{"damage":0.0,"enemies":"3 Byrds","floor":20.0,"turns":5.0},{"damage":35.0,"enemies":"Book of Stabbing","floor":23.0,"turns":5.0},{"damage":0.0,"enemies":"Cultist and Chosen","floor":25.0,"turns":3.0},{"damage":18.0,"enemies":"Shelled Parasite and Fungi","floor":29.0,"turns":3.0},{"damage":0.0,"enemies":"Snake Plant","floor":31.0,"turns":2.0},{"damage":15.0,"enemies":"Automaton","floor":33.0,"turns":6.0},{"damage":36.0,"enemies":"3 Darklings","floor":35.0,"turns":8.0},{"damage":0.0,"enemies":"Orb Walker","floor":36.0,"turns":2.0},{"damage":28.0,"enemies":"4 Shapes","floor":39.0,"turns":4.0},{"damage":45,"enemies":"Reptomancer","floor":41,"turns":5}],"seed_played":"-8762990371811733670","potions_obtained":[{"floor":2.0,"key":"Energy Potion"},{"floor":12.0,"key":"EssenceOfSteel"},{"floor":13.0,"key":"Ambrosia"},{"floor":16.0,"key":"GamblersBrew"},{"floor":20.0,"key":"LiquidBronze"},{"floor":25.0,"key":"Block Potion"},{"floor":35.0,"key":"FearPotion"}],"is_trial":false,"path_per_floor":["M","M","?","?","M","R","$","?","T","R","?","E","M","M","R","B",null,"M","$","M","$","?","E","?","M","T","$","R","M","R","M","R","B",null,"M","M","T","?","M","R","E"],"character_chosen":"WATCHER","items_purchased":["MasterReality","SignatureMove","Oddly Smooth Stone","Dark Shackles","Lee\u0027s Waffle","Akabeko"],"campfire_rested":2,"item_purchase_floors":[7,7,19,19,27,27],"current_hp_per_floor":[72,72,72,72,72,72,72,65,65,65,60,44,28,28,49,28,61,61,61,61,61,61,26,26,26,26,79,79,61,61,61,61,46,71,35,35,35,35,7,30,0],"gold":299,"neow_bonus":"THREE_ENEMY_KILL","is_prod":false,"is_daily":false,"chose_seed":false,"campfire_upgraded":5,"win_rate":0,"timestamp":1589331900,"path_taken":["M","M","?","?","M","R","$","?","T","R","?","E","?","M","R","BOSS","M","$","M","?","?","E","?","M","T","$","R","M","R","M","R","BOSS","M","M","?","?","M","R","E"],"build_version":"2020-01-27","purchased_purges":1,"victory":false,"max_hp_per_floor":[72,72,72,72,72,72,72,72,72,72,72,72,72,72,72,72,72,72,72,72,72,72,72,72,72,72,79,79,79,79,79,79,79,79,79,79,79,79,79,79,79],"card_choices":[{"not_picked":["EmptyBody","CutThroughFate"],"picked":"CrushJoints","floor":1.0},{"not_picked":["CarveReality","EmptyBody"],"picked":"FollowUp","floor":2.0},{"not_picked":["BowlingBash","FlyingSleeves","CrushJoints"],"picked":"SKIP","floor":5.0},{"not_picked":["BowlingBash","PathToVictory"],"picked":"Consecrate","floor":11.0},{"not_picked":["Weave","JustLucky"],"picked":"FlurryOfBlows","floor":12.0},{"not_picked":["Omniscience","Protect"],"picked":"FlurryOfBlows","floor":13.0},{"not_picked":["Wireheading","JustLucky"],"picked":"CarveReality","floor":14.0},{"not_picked":["Omniscience","Alpha"],"picked":"LessonLearned","floor":16.0},{"not_picked":["ClearTheMind","Sanctity","Nirvana"],"picked":"SKIP","floor":18.0},{"not_picked":["EmptyBody","BowlingBash","ThirdEye"],"picked":"SKIP","floor":20.0},{"not_picked":["Wallop","EmptyBody"],"picked":"TalkToTheHand","floor":23.0},{"not_picked":["ThirdEye","CutThroughFate"],"picked":"FollowUp+1","floor":25.0},{"not_picked":["Swivel+1","ThirdEye","BowlingBash"],"picked":"SKIP","floor":29.0},{"not_picked":["Wireheading","Halt+1","SignatureMove+1"],"picked":"SKIP","floor":31.0},{"not_picked":["Alpha","DeusExMachina"],"picked":"Devotion","floor":33.0},{"not_picked":["EmptyMind+1","CutThroughFate+1"],"picked":"ForeignInfluence+1","floor":35.0},{"not_picked":["FlyingSleeves+1","SashWhip","Consecrate"],"picked":"SKIP","floor":36.0},{"not_picked":["Halt+1","Study"],"picked":"Prostrate","floor":39.0}],"player_experience":1102979,"relics_obtained":[{"floor":9.0,"key":"Ornamental Fan"},{"floor":11.0,"key":"Odd Mushroom"},{"floor":12.0,"key":"Ginger"},{"floor":23.0,"key":"Pen Nib"},{"floor":26.0,"key":"CeramicFish"},{"floor":37.0,"key":"Bottled Tornado"}],"event_choices":[{"damage_healed":0.0,"max_hp_gain":0.0,"max_hp_loss":0.0,"gold_gain":175.0,"event_name":"Liars Game","player_choice":"AGREE","floor":3.0,"gold_loss":0.0,"damage_taken":0.0,"cards_obtained":["Doubt"]},{"damage_healed":0.0,"max_hp_gain":0.0,"max_hp_loss":0.0,"gold_gain":0.0,"event_name":"Golden Idol","player_choice":"Take Wound","floor":4.0,"gold_loss":0.0,"damage_taken":0.0,"relics_obtained":["Golden Idol"],"cards_obtained":["Injury"]},{"cards_removed":["Injury"],"damage_healed":0.0,"max_hp_gain":0.0,"max_hp_loss":0.0,"gold_gain":0.0,"event_name":"Golden Wing","player_choice":"Card Removal","floor":8.0,"gold_loss":0.0,"damage_taken":7.0},{"damage_healed":0.0,"max_hp_gain":0.0,"max_hp_loss":0.0,"gold_gain":0.0,"event_name":"Mushrooms","player_choice":"Fought Mushrooms","floor":11.0,"gold_loss":0.0,"damage_taken":0.0},{"cards_removed":["Adaptation"],"damage_healed":0.0,"max_hp_gain":0.0,"max_hp_loss":0.0,"gold_gain":0.0,"event_name":"Back to Basics","player_choice":"Elegance","floor":22.0,"gold_loss":0.0,"damage_taken":0.0},{"damage_healed":0.0,"max_hp_gain":0.0,"max_hp_loss":0.0,"gold_gain":250.0,"event_name":"The Joust","player_choice":"Bet on Owner","floor":24.0,"gold_loss":50.0,"damage_taken":0.0},{"damage_healed":0.0,"max_hp_gain":0.0,"max_hp_loss":0.0,"gold_gain":0.0,"event_name":"Tomb of Lord Red Mask","player_choice":"Ignored","floor":38.0,"gold_loss":0.0,"damage_taken":0.0}],"is_beta":false,"boss_relics":[{"not_picked":["Cursed Key","SacredBark"],"picked":"Pandora\u0027s Box"},{"not_picked":["Snecko Eye","Fusion Hammer"],"picked":"VioletLotus"}],"items_purged_floors":[7],"is_endless":false,"potions_floor_spawned":[2,12,13,14,16,18,20,25,31,33,35],"killed_by":"Reptomancer","ascension_level":5}