{"gold_per_floor":[12,12,12,32,32,67,67,102,102,102,116,141,141,153,153,257,257,270,270,270,290,305,305,334,334],"floor_reached":25,"playtime":1380,"items_purged":[],"score":286,"play_id":"eede2c91-1651-46ca-837f-56e22ef3da3a","local_time":"20200513143717","is_ascension_mode":true,"campfire_choices":[{"data":"1","floor":7,"key":"LIFT"},{"floor":13,"key":"REST"},{"data":"2","floor":15,"key":"LIFT"},{"floor":23,"key":"REST"}],"neow_cost":"NO_GOLD","seed_source_timestamp":6130645549200,"circlet_count":0,"master_deck":["Strike_P","Strike_P","Defend_P","Defend_P","Eruption","Vigilance","SignatureMove","PathToVictory","Protect","LikeWater","Pray","Vengeance","DevaForm","EmptyBody+1","PathToVictory","Worship"],"relics":["PureWater","Girya","HornCleat","Oddly Smooth Stone","StoneCalendar","MealTicket","Sozu","Nilry\u0027s Codex","Vajra","Thread and Needle"],"potions_floor_usage":[11,24,24],"damage_taken":[{"damage":0,"enemies":"Jaw Worm","floor":1,"turns":3},{"damage":5,"enemies":"2 Louse","floor":4,"turns":3},{"damage":2,"enemies":"Gremlin Nob","floor":6,"turns":3},{"damage":28,"enemies":"3 Sentries","floor":8,"turns":9},{"damage":0,"enemies":"Small Slimes","floor":11,"turns":1},{"damage":1,"enemies":"Exordium Thugs","floor":14,"turns":3},{"damage":12,"enemies":"Slime Boss","floor":16,"turns":7},{"damage":17,"enemies":"2 Thieves","floor":18,"turns":4},{"damage":3,"enemies":"Chosen","floor":21,"turns":2},{"damage":0,"enemies":"Snake Plant","floor":22,"turns":3},{"damage":38,"enemies":"Book of Stabbing","floor":24,"turns":5},{"damage":16,"enemies":"3 Cultists","floor":25,"turns":3}],"seed_played":"1556091011406056659","potions_obtained":[{"floor":1,"key":"Weak Potion"},{"floor":8,"key":"Explosive Potion"},{"floor":16,"key":"Block Potion"}],"is_trial":false,"path_per_floor":["M","?","?","M","$","E","R","E","T","?","M","T","R","M","R","B",null,"M","?","?","M","M","R","E","M"],"character_chosen":"WATCHER","items_purchased":[],"campfire_rested":2,"item_purchase_floors":[],"current_hp_per_floor":[72,72,65,60,60,58,58,30,30,23,23,23,44,43,43,31,62,45,29,29,26,26,47,9,0],"gold":334,"neow_bonus":"REMOVE_TWO","is_prod":false,"is_daily":false,"chose_seed":false,"campfire_upgraded":0,"win_rate":0,"timestamp":1589395037,"path_taken":["M","?","?","M","?","E","R","E","T","?","?","?","R","M","R","BOSS","M","?","?","M","?","R","E","M"],"build_version":"2020-01-27","purchased_purges":0,"victory":false,"max_hp_per_floor":[72,72,72,72,72,72,72,72,72,72,72,72,72,72,72,72,72,72,72,72,72,72,72,72,72],"card_choices":[{"not_picked":["Wallop","FlyingSleeves"],"picked":"SignatureMove","floor":1},{"not_picked":["JustLucky","CutThroughFate"],"picked":"Protect","floor":4},{"not_picked":["SandsOfTime","Prostrate"],"picked":"LikeWater","floor":6},{"not_picked":["Prostrate","Crescendo"],"picked":"Pray","floor":8},{"not_picked":["EmptyBody","ForeignInfluence"],"picked":"Vengeance","floor":11},{"not_picked":["JustLucky","EmptyFist"],"picked":"ClearTheMind","floor":14},{"not_picked":["Wish","ConjureBlade"],"picked":"DevaForm","floor":16},{"not_picked":["Meditate","ClearTheMind"],"picked":"EmptyBody+1","floor":18},{"not_picked":["Perseverance","EmptyFist"],"picked":"PathToVictory","floor":21},{"not_picked":["Conclude+1","SashWhip+1","TalkToTheHand+1"],"picked":"SKIP","floor":22},{"not_picked":["EmptyFist","JustLucky"],"picked":"Worship","floor":24}],"player_experience":1106566,"relics_obtained":[{"floor":6,"key":"HornCleat"},{"floor":8,"key":"Oddly Smooth Stone"},{"floor":9,"key":"StoneCalendar"},{"floor":12,"key":"MealTicket"},{"floor":19,"key":"Nilry\u0027s Codex"},{"floor":24,"key":"Thread and Needle"}],"event_choices":[{"damage_healed":0,"gold_gain":0,"cards_transformed":["Strike_P"],"player_choice":"Change","damage_taken":0,"max_hp_gain":0,"max_hp_loss":0,"event_name":"Living Wall","floor":2,"gold_loss":0,"cards_obtained":["PathToVictory"]},{"damage_healed":0,"gold_gain":0,"player_choice":"Success","damage_taken":7,"relics_obtained":["Girya"],"max_hp_gain":0,"max_hp_loss":0,"event_name":"Scrap Ooze","floor":3,"gold_loss":0},{"cards_removed":["Defend_P"],"damage_healed":0,"gold_gain":0,"player_choice":"Card Removal","damage_taken":7,"max_hp_gain":0,"max_hp_loss":0,"event_name":"Golden Wing","floor":10,"gold_loss":0},{"damage_healed":0,"gold_gain":0,"player_choice":"Obtained Book","damage_taken":16,"max_hp_gain":0,"max_hp_loss":0,"event_name":"Cursed Tome","floor":19,"gold_loss":0},{"cards_removed":["ClearTheMind"],"damage_healed":0,"gold_gain":0,"player_choice":"Gave Card","damage_taken":0,"relics_obtained":["Vajra"],"max_hp_gain":0,"max_hp_loss":0,"event_name":"WeMeetAgain","floor":20,"gold_loss":0}],"is_beta":false,"boss_relics":[{"not_picked":["Ectoplasm","HolyWater"],"picked":"Sozu"}],"items_purged_floors":[],"is_endless":false,"potions_floor_spawned":[1,8,16,21,22,24],"killed_by":"3 Cultists","ascension_level":5}