{"gold_per_floor":[116,116,116,116,131,131,159,159,229,209,171,191,211,240,240,338,338,353,33,33,132,132,132,157,157,182,182,211,211,64,81,81,186,186,197,53,103,103,121,121,140,175,243,270,305,55,55,55,55,55],"floor_reached":50,"playtime":1623,"items_purged":[],"score":828,"play_id":"0f64c681-2577-4d55-8d29-aea6b82ad6ed","local_time":"20200804161904","is_ascension_mode":true,"campfire_choices":[{"floor":6.0,"key":"REST"},{"data":"Establishment","floor":8.0,"key":"SMITH"},{"data":"SandsOfTime","floor":15.0,"key":"SMITH"},{"data":"Worship","floor":23,"key":"SMITH"},{"data":"Wish","floor":25,"key":"SMITH"},{"floor":27,"key":"REST"},{"floor":32,"key":"REST"},{"floor":40,"key":"REST"},{"floor":47,"key":"RECALL"},{"data":"BattleHymn","floor":49,"key":"SMITH"}],"neow_cost":"PERCENT_DAMAGE","seed_source_timestamp":0,"circlet_count":0,"master_deck":["Strike_P+1","Strike_P+1","Defend_P+1","Defend_P+1","Defend_P+1","Defend_P+1","Eruption","Vigilance+1","Blasphemy+1","Consecrate+1","Establishment+1","CarveReality+1","BattleHymn+1","Worship+1","SandsOfTime+1","Wish+1","CurseOfTheBell","Prostrate+1","Master of Strategy+1","Consecrate+1","Scrawl","MasterReality","Prostrate+1","Wish+1"],"special_seed":0,"relics":["PureWater","Damaru","Mummified Hand","Gremlin Horn","Calling Bell","Dream Catcher","Kunai","Bird Faced Urn","Pen Nib","Ancient Tea Set","Whetstone","Oddly Smooth Stone","PreservedInsect","Busted Crown","DollysMirror","StoneCalendar","MealTicket","War Paint","Pantograph","HornCleat"],"potions_floor_usage":[24,50,50],"damage_taken":[{"damage":0.0,"enemies":"2 Louse","floor":1.0,"turns":1.0},{"damage":0.0,"enemies":"Small Slimes","floor":5.0,"turns":3.0},{"damage":17.0,"enemies":"3 Sentries","floor":7.0,"turns":5.0},{"damage":0.0,"enemies":"Cultist","floor":12.0,"turns":3.0},{"damage":1.0,"enemies":"2 Fungi Beasts","floor":13.0,"turns":3.0},{"damage":5.0,"enemies":"Lagavulin","floor":14.0,"turns":3.0},{"damage":0.0,"enemies":"Slime Boss","floor":16.0,"turns":3.0},{"damage":12,"enemies":"Spheric Guardian","floor":18,"turns":3},{"damage":17,"enemies":"Book of Stabbing","floor":24,"turns":4},{"damage":23,"enemies":"Gremlin Leader","floor":28,"turns":3},{"damage":21,"enemies":"2 Thieves","floor":31,"turns":3},{"damage":12,"enemies":"Collector","floor":33,"turns":4},{"damage":13,"enemies":"3 Shapes","floor":35,"turns":2},{"damage":50,"enemies":"Mind Bloom Boss Battle","floor":37,"turns":4},{"damage":1,"enemies":"3 Darklings","floor":39,"turns":2},{"damage":5,"enemies":"Sphere and 2 Shapes","floor":41,"turns":3},{"damage":3,"enemies":"Giant Head","floor":42,"turns":5},{"damage":26,"enemies":"Nemesis","floor":45,"turns":5},{"damage":100024,"enemies":"Awakened One","floor":50,"turns":5}],"seed_played":"1722074189124372213","potions_obtained":[{"floor":1.0,"key":"GamblersBrew"},{"floor":7.0,"key":"LiquidBronze"},{"floor":10.0,"key":"Dexterity Potion"},{"floor":24,"key":"CultistPotion"},{"floor":29,"key":"Ancient Potion"}],"is_trial":false,"path_per_floor":["M","?","?","?","M","R","E","R","T","?","$","M","M","E","R","B",null,"M","$","?","?","?","R","E","R","T","R","E","?","$","M","R","B",null,"M","$","?","?","M","R","M","E","T","T","E","$","R","$","R","B"],"character_chosen":"WATCHER","items_purchased":["SandsOfTime","Pen Nib","Master of Strategy","PreservedInsect","DollysMirror","HornCleat"],"campfire_rested":4,"item_purchase_floors":[11,19,19,30,36,46],"current_hp_per_floor":[47,47,33,33,33,54,37,37,37,37,37,37,36,31,31,31,62,52,52,52,52,52,52,39,39,39,60,41,41,41,24,45,37,63,54,54,10,10,15,36,37,40,40,40,20,35,35,50,50,0],"gold":55,"neow_bonus":"THREE_RARE_CARDS","is_prod":false,"is_daily":false,"chose_seed":false,"campfire_upgraded":5,"win_rate":0,"timestamp":1596572344,"path_taken":["M","?","?","?","?","R","E","R","T","?","$","M","M","E","R","BOSS","BOSS","M","$","?","?","?","R","E","R","T","R","E","?","$","?","R","BOSS","M","$","?","?","M","R","M","E","T","?","E","$","R","?","R","BOSS"],"build_version":"2020-07-30","purchased_purges":0,"victory":false,"max_hp_per_floor":[72,72,72,72,72,72,72,72,72,72,72,72,72,72,72,72,72,72,72,72,72,72,72,72,72,72,72,72,72,72,72,72,72,72,72,72,72,72,72,72,72,72,72,72,72,72,72,72,72,72],"card_choices":[{"not_picked":["Vault","Establishment"],"picked":"Blasphemy","floor":0.0},{"not_picked":["LikeWater","FlurryOfBlows"],"picked":"Consecrate","floor":1.0},{"not_picked":["CutThroughFate","CrushJoints"],"picked":"BattleHymn","floor":5.0},{"not_picked":["Nirvana","SashWhip"],"picked":"Worship","floor":7.0},{"not_picked":["CutThroughFate","JustLucky","FlurryOfBlows"],"picked":"SKIP","floor":12.0},{"not_picked":["EmptyBody","Nirvana","Protect"],"picked":"SKIP","floor":13.0},{"not_picked":["Wireheading","Crescendo","SandsOfTime"],"picked":"SKIP","floor":14.0},{"not_picked":["Ragnarok","SpiritShield"],"picked":"Wish","floor":16},{"not_picked":["FearNoEvil","PathToVictory"],"picked":"Prostrate+1","floor":18},{"not_picked":["Nirvana","SashWhip","Consecrate"],"picked":"SKIP","floor":24},{"not_picked":["Crescendo","Wireheading","Evaluate"],"picked":"SKIP","floor":28},{"not_picked":["EmptyBody","Prostrate"],"picked":"Consecrate+1","floor":31},{"not_picked":["Crescendo+1","Conclude+1"],"picked":"Scrawl","floor":32},{"not_picked":["Blasphemy","Alpha"],"picked":"MasterReality","floor":33},{"not_picked":[],"picked":"Prostrate+1","floor":35},{"not_picked":["Wireheading"],"picked":"SKIP","floor":39},{"not_picked":["Prostrate"],"picked":"SKIP","floor":41},{"not_picked":["ForeignInfluence"],"picked":"SKIP","floor":42},{"not_picked":["Pray"],"picked":"SKIP","floor":45}],"player_experience":1119953,"relics_obtained":[{"floor":7.0,"key":"Damaru"},{"floor":9.0,"key":"Mummified Hand"},{"floor":14.0,"key":"Gremlin Horn"},{"floor":17,"key":"Dream Catcher"},{"floor":17,"key":"Kunai"},{"floor":17,"key":"Bird Faced Urn"},{"floor":24,"key":"Ancient Tea Set"},{"floor":26,"key":"Whetstone"},{"floor":28,"key":"Oddly Smooth Stone"},{"floor":37,"key":"StoneCalendar"},{"floor":42,"key":"MealTicket"},{"floor":44,"key":"War Paint"},{"floor":45,"key":"Pantograph"}],"event_choices":[{"damage_healed":0.0,"max_hp_gain":0.0,"max_hp_loss":0.0,"gold_gain":0.0,"cards_transformed":["Strike_P"],"event_name":"Living Wall","player_choice":"Change","floor":2.0,"gold_loss":0.0,"damage_taken":0.0,"cards_obtained":["Establishment"]},{"damage_healed":0.0,"max_hp_gain":0.0,"max_hp_loss":0.0,"gold_gain":0.0,"event_name":"Shining Light","player_choice":"Entered Light","floor":3.0,"gold_loss":0.0,"damage_taken":14.0,"cards_upgraded":["Strike_P","Blasphemy"]},{"damage_healed":0.0,"max_hp_gain":0.0,"max_hp_loss":0.0,"gold_gain":0.0,"cards_transformed":["Strike_P"],"event_name":"Transmorgrifier","player_choice":"Transformed","floor":4.0,"gold_loss":0.0,"damage_taken":0.0,"cards_obtained":["CarveReality"]},{"damage_healed":0.0,"max_hp_gain":0.0,"max_hp_loss":0.0,"gold_gain":0.0,"event_name":"The Woman in Blue","player_choice":"Bought 1 Potion","floor":10.0,"gold_loss":0.0,"damage_taken":0.0},{"damage_healed":0,"gold_gain":0,"player_choice":"Ignored","damage_taken":0,"max_hp_gain":0,"max_hp_loss":0,"event_name":"Vampires","floor":20,"gold_loss":0},{"damage_healed":0,"gold_gain":99,"player_choice":"Stole From Cult","damage_taken":0,"max_hp_gain":0,"max_hp_loss":0,"event_name":"Nest","floor":21,"gold_loss":0},{"damage_healed":0,"gold_gain":0,"player_choice":"Simplicity","damage_taken":0,"max_hp_gain":0,"max_hp_loss":0,"event_name":"Back to Basics","floor":22,"gold_loss":0,"cards_upgraded":["Strike_P","Defend_P","Defend_P","Defend_P","Defend_P"]},{"damage_healed":0,"gold_gain":0,"player_choice":"Got Potions","damage_taken":0,"max_hp_gain":0,"max_hp_loss":0,"event_name":"Lab","floor":29,"gold_loss":0},{"damage_healed":0,"gold_gain":0,"player_choice":"Fight","damage_taken":0,"max_hp_gain":0,"max_hp_loss":0,"event_name":"MindBloom","floor":37,"gold_loss":0},{"damage_healed":0,"gold_gain":0,"player_choice":"Memory 1","damage_taken":0,"max_hp_gain":0,"max_hp_loss":0,"event_name":"SensoryStone","floor":38,"gold_loss":0}],"is_beta":false,"boss_relics":[{"not_picked":["Tiny House","Runic Pyramid"],"picked":"Calling Bell"},{"not_picked":["HolyWater","Snecko Eye"],"picked":"Busted Crown"}],"items_purged_floors":[],"is_endless":false,"potions_floor_spawned":[1,7,13,18,24,35,39,42],"killed_by":"Awakened One","ascension_level":7}