{"gold_per_floor":[126,138,170,0,12,42,42,67,121,147,163,175,175,350,350,454,454,472,526,542,641,651,651],"floor_reached":23,"playtime":8894,"items_purged":[],"score":352,"play_id":"f81f3e73-b026-49d8-a561-d09240b2c209","local_time":"20200908105045","is_ascension_mode":true,"campfire_choices":[{"floor":15,"key":"REST"}],"neow_cost":"NONE","seed_source_timestamp":0,"circlet_count":0,"master_deck":["Strike_P","Strike_P","Defend_P","Defend_P","Defend_P","Eruption","Vigilance","Sanctity","Apotheosis+1","Vengeance","Wallop","CrushJoints","InnerPeace","JustLucky","Doubt","Alpha","Ragnarok+1","Evaluate+1","Perseverance+1","WheelKick+1","FollowUp"],"special_seed":0,"relics":["PureWater","MawBank","Kunai","Nunchaku","Tiny Chest","Regal Pillow","Astrolabe","Lantern"],"potions_floor_usage":[6,18,22,23,23],"damage_taken":[{"damage":5.0,"enemies":"2 Louse","floor":1.0,"turns":3.0},{"damage":11.0,"enemies":"Cultist","floor":3.0,"turns":6.0},{"damage":0,"enemies":"Jaw Worm","floor":5,"turns":3},{"damage":0,"enemies":"Gremlin Nob","floor":6,"turns":2},{"damage":35,"enemies":"3 Sentries","floor":8,"turns":7},{"damage":0,"enemies":"Lagavulin","floor":10,"turns":4},{"damage":20,"enemies":"Lots of Slimes","floor":11,"turns":2},{"damage":0,"enemies":"3 Louse","floor":12,"turns":3},{"damage":13,"enemies":"Hexaghost","floor":16,"turns":6},{"damage":10,"enemies":"2 Thieves","floor":18,"turns":5},{"damage":1,"enemies":"Spheric Guardian","floor":20,"turns":3},{"damage":21,"enemies":"Snake Plant","floor":22,"turns":4},{"damage":30,"enemies":"Slavers","floor":23,"turns":5}],"seed_played":"-6125616331421496977","potions_obtained":[{"floor":1.0,"key":"Ambrosia"},{"floor":8,"key":"GamblersBrew"},{"floor":10,"key":"SpeedPotion"},{"floor":11,"key":"Swift Potion"},{"floor":16,"key":"LiquidMemories"},{"floor":22,"key":"PowerPotion"}],"is_trial":false,"path_per_floor":["M","?","M","$","M","E","?","E","T","E","M","M","?","?","R","B",null,"M","T","M","?","M","E"],"character_chosen":"WATCHER","items_purchased":["Apotheosis"],"campfire_rested":1,"item_purchase_floors":[4],"current_hp_per_floor":[60,72,61,61,61,61,61,26,26,26,6,6,6,6,42,29,61,51,51,50,50,29,0],"gold":651,"neow_bonus":"RANDOM_COMMON_RELIC","is_prod":false,"is_daily":false,"chose_seed":false,"campfire_upgraded":0,"win_rate":0,"timestamp":1599576645,"path_taken":["M","?","?","$","?","E","?","E","T","E","?","M","?","?","R","BOSS","M","?","M","?","M","E"],"build_version":"2020-07-30","purchased_purges":0,"victory":false,"max_hp_per_floor":[72,72,72,72,72,72,72,72,72,72,72,72,72,72,72,72,72,72,72,72,72,72,72],"card_choices":[{"not_picked":["EmptyBody","CutThroughFate"],"picked":"CarveReality","floor":1.0},{"not_picked":["EmptyFist","Halt"],"picked":"Sanctity","floor":3},{"not_picked":["FlurryOfBlows","Evaluate"],"picked":"Vengeance","floor":5},{"not_picked":["CrushJoints","FlurryOfBlows"],"picked":"Wallop","floor":6},{"not_picked":["Judgement","ThirdEye"],"picked":"CrushJoints","floor":8},{"not_picked":["Prostrate","SashWhip"],"picked":"InnerPeace","floor":10},{"not_picked":["FollowUp","BowlingBash"],"picked":"JustLucky","floor":11},{"not_picked":["Prostrate","Study","EmptyBody"],"picked":"SKIP","floor":12},{"not_picked":["MasterReality","Judgement"],"picked":"Alpha","floor":16},{"not_picked":["BowlingBash+1","ClearTheMind","Meditate"],"picked":"SKIP","floor":18},{"not_picked":["WindmillStrike","SashWhip"],"picked":"WheelKick+1","floor":20},{"not_picked":["ThirdEye+1","WreathOfFlame"],"picked":"FollowUp","floor":22}],"player_experience":1125618,"relics_obtained":[{"floor":6,"key":"Kunai"},{"floor":8,"key":"Nunchaku"},{"floor":9,"key":"Tiny Chest"},{"floor":10,"key":"Regal Pillow"},{"floor":19,"key":"Lantern"}],"event_choices":[{"cards_removed":["CarveReality"],"damage_healed":12.0,"max_hp_gain":0.0,"max_hp_loss":0.0,"gold_gain":0.0,"event_name":"Bonfire Elementals","player_choice":"Offered Uncommon","floor":2.0,"gold_loss":0.0,"damage_taken":0.0},{"damage_healed":0,"gold_gain":0,"player_choice":"Upgraded","damage_taken":0,"max_hp_gain":0,"max_hp_loss":0,"event_name":"Upgrade Shrine","floor":7,"gold_loss":0,"cards_upgraded":["Apotheosis"]},{"damage_healed":0,"gold_gain":0,"player_choice":"Ignored","damage_taken":0,"max_hp_gain":0,"max_hp_loss":0,"event_name":"Golden Wing","floor":13,"gold_loss":0},{"damage_healed":0,"gold_gain":175,"player_choice":"AGREE","damage_taken":0,"max_hp_gain":0,"max_hp_loss":0,"event_name":"Liars Game","floor":14,"gold_loss":0,"cards_obtained":["Doubt"]},{"damage_healed":0,"gold_gain":99,"player_choice":"Stole From Cult","damage_taken":0,"max_hp_gain":0,"max_hp_loss":0,"event_name":"Nest","floor":21,"gold_loss":0}],"is_beta":false,"boss_relics":[{"not_picked":["Runic Dome","SacredBark"],"picked":"Astrolabe"}],"items_purged_floors":[],"is_endless":false,"potions_floor_spawned":[1,8,10,11,16,22],"killed_by":"Slavers","ascension_level":7}