{"gold_per_floor":[109,109,109,124,141,141,172,202,284,319,319,419,22,56,56,156,156,156,156,156,156,156,156,156],"floor_reached":24,"playtime":1110,"items_purged":[],"score":419,"play_id":"3b18026c-43bb-43db-86d1-03f4d012f426","local_time":"20201001223807","is_ascension_mode":true,"campfire_choices":[{"data":"Eruption","floor":6,"key":"SMITH"},{"floor":11,"key":"REST"},{"data":"Streamline","floor":15,"key":"SMITH"},{"floor":23,"key":"REST"}],"neow_cost":"NONE","seed_source_timestamp":947248080645300,"circlet_count":0,"master_deck":["Defend_P","Defend_P","Defend_P","Defend_P","Eruption+1","Vigilance","CrushJoints","Evaluate","LikeWater","LikeWater","ClearTheMind","Streamline+1","Mayhem","Blur","Jack Of All Trades+1","Fasting2","Bite","Bite","Bite","Bite","Bite"],"relics":["PureWater","NeowsBlessing","WingedGreaves","Oddly Smooth Stone","Yang","Nunchaku","PrismaticShard","Kunai","Question Card","Ectoplasm","Red Mask"],"potions_floor_usage":[7,7,14,18,20,21,21],"damage_taken":[{"damage":0,"enemies":"Cultist","floor":1,"turns":1},{"damage":0,"enemies":"Small Slimes","floor":4,"turns":1},{"damage":0,"enemies":"2 Louse","floor":5,"turns":1},{"damage":0,"enemies":"Gremlin Nob","floor":7,"turns":2},{"damage":41,"enemies":"Lagavulin","floor":8,"turns":7},{"damage":8,"enemies":"3 Sentries","floor":10,"turns":16},{"damage":0,"enemies":"Lagavulin","floor":14,"turns":5},{"damage":7,"enemies":"Slime Boss","floor":16,"turns":9},{"damage":12,"enemies":"3 Byrds","floor":18,"turns":4},{"damage":13,"enemies":"Shell Parasite","floor":19,"turns":6},{"damage":12,"enemies":"Snake Plant","floor":20,"turns":6},{"damage":0,"enemies":"Masked Bandits","floor":21,"turns":2},{"damage":48,"enemies":"Slavers","floor":24,"turns":3}],"seed_played":"1929022770636265391","potions_obtained":[{"floor":1,"key":"CultistPotion"},{"floor":3,"key":"Ambrosia"},{"floor":3,"key":"LiquidBronze"},{"floor":8,"key":"Fire Potion"},{"floor":10,"key":"DistilledChaos"},{"floor":16,"key":"SkillPotion"},{"floor":18,"key":"EssenceOfSteel"},{"floor":20,"key":"BlessingOfTheForge"}],"is_trial":false,"path_per_floor":["M","$","?","M","M","R","E","E","T","E","R","?","$","E","R","B",null,"M","M","M","?","?","R","E"],"character_chosen":"WATCHER","items_purchased":["PrismaticShard","Kunai"],"campfire_rested":2,"item_purchase_floors":[13,13],"current_hp_per_floor":[65,65,65,65,65,65,65,24,24,16,37,37,37,37,37,30,62,50,37,25,25,25,40,0],"gold":156,"neow_bonus":"THREE_ENEMY_KILL","is_prod":false,"is_daily":false,"chose_seed":false,"campfire_upgraded":2,"win_rate":0,"timestamp":1601606287,"path_taken":["M","$","?","M","?","R","E","E","T","E","R","?","$","E","R","BOSS","M","M","M","?","?","R","E"],"build_version":"2020-07-30","purchased_purges":0,"victory":false,"max_hp_per_floor":[72,72,72,72,72,72,72,72,72,72,72,72,72,72,72,72,72,72,72,72,72,50,50,50],"card_choices":[{"not_picked":["Fasting2","Prostrate"],"picked":"CrushJoints","floor":1},{"not_picked":["ThirdEye","CrushJoints"],"picked":"Evaluate","floor":4},{"not_picked":["Prostrate","DeceiveReality"],"picked":"LikeWater","floor":5},{"not_picked":["Adaptation","FlyingSleeves"],"picked":"LikeWater","floor":7},{"not_picked":["Protect","CarveReality"],"picked":"ClearTheMind","floor":8},{"not_picked":["Weave","EmptyMind","BattleHymn"],"picked":"SKIP","floor":10},{"not_picked":["Exhume","Well Laid Plans"],"picked":"Streamline","floor":14},{"not_picked":["Seek","DeusExMachina","A Thousand Cuts"],"picked":"Mayhem","floor":16},{"not_picked":["Collect","Turbo","Setup"],"picked":"Blur","floor":18},{"not_picked":["DeceiveReality","Predator","Conserve Battery+1"],"picked":"Jack Of All Trades+1","floor":19},{"not_picked":["Poisoned Stab","PiercingWail+1","Thunderclap+1"],"picked":"Fasting2","floor":20}],"player_experience":1188834,"relics_obtained":[{"floor":7,"key":"WingedGreaves"},{"floor":8,"key":"Oddly Smooth Stone"},{"floor":9,"key":"Yang"},{"floor":10,"key":"Nunchaku"},{"floor":14,"key":"Question Card"},{"floor":21,"key":"Red Mask"}],"event_choices":[{"damage_healed":0,"gold_gain":0,"player_choice":"Got Potions","damage_taken":0,"max_hp_gain":0,"max_hp_loss":0,"event_name":"Lab","floor":3,"gold_loss":0},{"damage_healed":0,"gold_gain":100,"player_choice":"Gold","damage_taken":0,"max_hp_gain":0,"max_hp_loss":0,"event_name":"Wheel of Change","floor":12,"gold_loss":0},{"damage_healed":0,"gold_gain":0,"player_choice":"Fought Bandits","damage_taken":0,"max_hp_gain":0,"max_hp_loss":0,"event_name":"Masked Bandits","floor":21,"gold_loss":0},{"damage_healed":0,"gold_gain":0,"player_choice":"Became a vampire","damage_taken":0,"max_hp_gain":0,"max_hp_loss":22,"event_name":"Vampires","floor":22,"gold_loss":0,"cards_obtained":["Bite","Bite","Bite","Bite","Bite"]}],"is_beta":false,"boss_relics":[{"not_picked":["Coffee Dripper","Runic Pyramid"],"picked":"Ectoplasm"}],"items_purged_floors":[],"is_endless":false,"potions_floor_spawned":[1,8,10,16,18,20],"killed_by":"Slavers","ascension_level":9}