{"gold_per_floor":[118,133,308,323,323,351,361,140,166,116,116,148,159,172,172,172],"floor_reached":16,"playtime":726,"items_purged":["Doubt"],"score":168,"play_id":"2f0b4bb4-fe8e-4b5d-b253-35afb383f573","local_time":"20201007144233","is_ascension_mode":true,"campfire_choices":[{"floor":11,"key":"REST"},{"data":"Eruption","floor":15,"key":"SMITH"}],"neow_cost":"NONE","seed_source_timestamp":5112976783400,"circlet_count":0,"master_deck":["AscendersBane","Strike_P","Strike_P","Strike_P","Defend_P","Defend_P","Defend_P","Defend_P","Eruption+1","Vigilance","PathToVictory","LikeWater","FlyingSleeves","FollowUp","Consecrate","ClearTheMind","BowlingBash","EmptyFist"],"relics":["VioletLotus","Bag of Preparation","Regal Pillow","MealTicket","Anchor"],"potions_floor_usage":[6,6,6,16,16],"damage_taken":[{"damage":0,"enemies":"Jaw Worm","floor":1,"turns":4},{"damage":5,"enemies":"2 Louse","floor":2,"turns":3},{"damage":5,"enemies":"Small Slimes","floor":4,"turns":5},{"damage":55,"enemies":"Gremlin Nob","floor":6,"turns":6},{"damage":7,"enemies":"Exordium Thugs","floor":7,"turns":7},{"damage":35,"enemies":"3 Sentries","floor":12,"turns":7},{"damage":0,"enemies":"Large Slime","floor":13,"turns":4},{"damage":1,"enemies":"2 Fungi Beasts","floor":14,"turns":3},{"damage":28,"enemies":"Hexaghost","floor":16,"turns":9}],"seed_played":"419403970523785170","potions_obtained":[{"floor":2,"key":"EntropicBrew"},{"floor":4,"key":"PowerPotion"},{"floor":12,"key":"SkillPotion"},{"floor":14,"key":"SkillPotion"}],"is_trial":false,"path_per_floor":["M","M","?","M","?","E","M","$","T","?","R","E","M","M","R","B"],"character_chosen":"WATCHER","items_purchased":["Regal Pillow"],"campfire_rested":1,"item_purchase_floors":[8],"current_hp_per_floor":[65,60,60,55,60,5,23,23,23,23,61,26,26,25,25,0],"gold":172,"neow_bonus":"BOSS_RELIC","is_prod":false,"is_daily":false,"chose_seed":false,"campfire_upgraded":1,"win_rate":0,"timestamp":1602096153,"path_taken":["M","M","?","M","?","E","?","$","T","?","R","E","M","M","R","BOSS"],"build_version":"2020-07-30","purchased_purges":1,"victory":false,"max_hp_per_floor":[72,72,72,72,77,77,77,77,77,77,77,77,77,77,77,77],"card_choices":[{"not_picked":["EmptyBody","CrushJoints"],"picked":"PathToVictory","floor":1},{"not_picked":["Prostrate","CutThroughFate"],"picked":"LikeWater","floor":2},{"not_picked":["Evaluate","SashWhip"],"picked":"FlyingSleeves","floor":4},{"not_picked":["BattleHymn","Study"],"picked":"FollowUp","floor":6},{"not_picked":["DevaForm","ThirdEye"],"picked":"Consecrate","floor":7},{"not_picked":["ThirdEye","Halt"],"picked":"ClearTheMind","floor":12},{"not_picked":["CutThroughFate","SashWhip"],"picked":"BowlingBash","floor":13},{"not_picked":["ClearTheMind","Consecrate"],"picked":"EmptyFist","floor":14}],"player_experience":1200127,"relics_obtained":[{"floor":6,"key":"Bag of Preparation"},{"floor":9,"key":"MealTicket"},{"floor":12,"key":"Anchor"}],"event_choices":[{"damage_healed":0,"gold_gain":175,"player_choice":"AGREE","damage_taken":0,"max_hp_gain":0,"max_hp_loss":0,"event_name":"Liars Game","floor":3,"gold_loss":0,"cards_obtained":["Doubt"]},{"damage_healed":0,"gold_gain":0,"player_choice":"Donut","damage_taken":0,"max_hp_gain":5,"max_hp_loss":0,"event_name":"Big Fish","floor":5,"gold_loss":0},{"cards_removed":["Strike_P"],"damage_healed":0,"gold_gain":0,"player_choice":"Card Removal","damage_taken":0,"max_hp_gain":0,"max_hp_loss":0,"event_name":"The Cleric","floor":10,"gold_loss":50}],"is_beta":false,"boss_relics":[],"items_purged_floors":[8],"is_endless":false,"potions_floor_spawned":[2,4,12,14],"killed_by":"Hexaghost","ascension_level":10}