{"gold_per_floor":[115,190,190,190,201,201,213,238,261,276,276,276,293,305,305,410,410,427,337,357,373,79,79,79,79],"floor_reached":25,"playtime":757,"items_purged":[],"score":305,"play_id":"3947e426-9cdd-49a3-ba18-f029d422265c","local_time":"20201007104658","is_ascension_mode":true,"campfire_choices":[{"floor":6,"key":"REST"},{"floor":12,"key":"REST"},{"floor":15,"key":"REST"},{"floor":23,"key":"REST"}],"neow_cost":"NONE","seed_source_timestamp":435749997123800,"circlet_count":0,"master_deck":["AscendersBane","Strike_P+1","Strike_P+1","Defend_P","Defend_P","Eruption","Vigilance","DevaForm","Swivel","Consecrate","FlyingSleeves","Crescendo","Alpha+1","EmptyBody","SignatureMove","Devotion+1","MentalFortress+1","LessonLearned+1","Evaluate"],"relics":["PureWater","Lantern","Nunchaku","FaceOfCleric","Astrolabe","Thread and Needle"],"potions_floor_usage":[8,16,18,21,25],"damage_taken":[{"damage":7,"enemies":"Cultist","floor":1,"turns":3},{"damage":0,"enemies":"2 Louse","floor":5,"turns":2},{"damage":2,"enemies":"Jaw Worm","floor":7,"turns":4},{"damage":25,"enemies":"3 Sentries","floor":8,"turns":9},{"damage":3,"enemies":"Looter","floor":10,"turns":3},{"damage":18,"enemies":"Red Slaver","floor":13,"turns":4},{"damage":20,"enemies":"Lots of Slimes","floor":14,"turns":6},{"damage":16,"enemies":"Hexaghost","floor":16,"turns":7},{"damage":0,"enemies":"Shell Parasite","floor":18,"turns":1},{"damage":19,"enemies":"3 Byrds","floor":20,"turns":3},{"damage":24,"enemies":"Snecko","floor":21,"turns":4},{"damage":30,"enemies":"Slavers","floor":25,"turns":3}],"seed_played":"8384093244711767592","potions_obtained":[{"floor":7,"key":"Dexterity Potion"},{"floor":8,"key":"CultistPotion"},{"floor":16,"key":"SkillPotion"},{"floor":18,"key":"DistilledChaos"},{"floor":20,"key":"Ancient Potion"}],"is_trial":false,"path_per_floor":["M","?","?","?","M","R","M","E","T","M","?","R","M","M","R","B",null,"M","?","M","M","$","R","?","E"],"character_chosen":"WATCHER","items_purchased":["Thread and Needle"],"campfire_rested":4,"item_purchase_floors":[22],"current_hp_per_floor":[58,47,40,26,26,47,45,20,20,17,17,38,21,2,24,9,59,60,60,42,19,19,42,27,0],"gold":79,"neow_bonus":"ONE_RANDOM_RARE_CARD","is_prod":false,"is_daily":false,"chose_seed":false,"campfire_upgraded":0,"win_rate":0,"timestamp":1602082018,"path_taken":["M","?","?","?","M","R","?","E","T","M","?","R","?","M","R","BOSS","M","?","M","?","?","R","?","E"],"build_version":"2020-07-30","purchased_purges":0,"victory":false,"max_hp_per_floor":[72,72,72,72,72,72,72,72,72,72,72,72,73,74,74,75,75,76,76,77,78,78,78,83,83],"card_choices":[{"not_picked":["FlyingSleeves","Consecrate"],"picked":"Swivel","floor":1},{"not_picked":["SashWhip","FlurryOfBlows"],"picked":"Consecrate","floor":5},{"not_picked":["JustLucky","Halt"],"picked":"FlyingSleeves","floor":7},{"not_picked":["PathToVictory","Consecrate"],"picked":"Crescendo","floor":8},{"not_picked":["Swivel","SashWhip"],"picked":"Alpha","floor":10},{"not_picked":["PathToVictory","JustLucky"],"picked":"EmptyBody","floor":13},{"not_picked":["CarveReality","MentalFortress"],"picked":"SignatureMove","floor":14},{"not_picked":["DeusExMachina","Blasphemy"],"picked":"LessonLearned","floor":16},{"not_picked":["Crescendo+1","Halt","WreathOfFlame"],"picked":"SKIP","floor":18},{"not_picked":["Vengeance","SandsOfTime"],"picked":"Evaluate","floor":20},{"not_picked":["LikeWater","CutThroughFate+1","FollowUp"],"picked":"SKIP","floor":21}],"player_experience":1195566,"relics_obtained":[{"floor":8,"key":"Lantern"},{"floor":9,"key":"Nunchaku"}],"event_choices":[{"damage_healed":0,"gold_gain":75,"player_choice":"Gather Gold","damage_taken":11,"max_hp_gain":0,"max_hp_loss":0,"event_name":"World of Goop","floor":2,"gold_loss":0},{"cards_removed":["Defend_P"],"damage_healed":0,"gold_gain":0,"player_choice":"Card Removal","damage_taken":7,"max_hp_gain":0,"max_hp_loss":0,"event_name":"Golden Wing","floor":3,"gold_loss":0},{"damage_healed":0,"gold_gain":0,"player_choice":"Entered Light","damage_taken":14,"max_hp_gain":0,"max_hp_loss":0,"event_name":"Shining Light","floor":4,"gold_loss":0,"cards_upgraded":["Strike_P","Strike_P"]},{"damage_healed":0,"gold_gain":0,"player_choice":"Trade","damage_taken":0,"relics_obtained":["FaceOfCleric"],"max_hp_gain":0,"max_hp_loss":0,"event_name":"FaceTrader","floor":11,"gold_loss":0},{"cards_removed":["LessonLearned"],"damage_healed":0,"gold_gain":0,"player_choice":"Upgrade and Remove","damage_taken":0,"max_hp_gain":0,"max_hp_loss":0,"event_name":"Designer","floor":19,"gold_loss":90,"cards_upgraded":["Alpha"]},{"damage_healed":0,"gold_gain":0,"player_choice":"Shed Blood","damage_taken":20,"max_hp_gain":5,"max_hp_loss":0,"event_name":"Forgotten Altar","floor":24,"gold_loss":0}],"is_beta":false,"boss_relics":[{"not_picked":["Black Star","Fusion Hammer"],"picked":"Astrolabe"}],"items_purged_floors":[],"is_endless":false,"potions_floor_spawned":[7,8,16,18,20],"killed_by":"Slavers","ascension_level":10}