{"gold_per_floor":[359,161,161,177,177,177,190,190,190,167,178,208,483,497,497,497],"floor_reached":16,"playtime":1152,"items_purged":[],"score":155,"play_id":"f90bf5a5-b97c-4cce-a07f-3454af057a01","local_time":"20201111150415","is_ascension_mode":true,"campfire_choices":[{"data":"Eruption","floor":6,"key":"SMITH"},{"data":"Vigilance","floor":8,"key":"SMITH"},{"data":"Consecrate","floor":15,"key":"SMITH"}],"neow_cost":"TEN_PERCENT_HP_LOSS","seed_source_timestamp":0,"circlet_count":0,"master_deck":["AscendersBane","Strike_P","Strike_P","Strike_P","Defend_P","Defend_P","Defend_P","Defend_P","Eruption+1","Vigilance+1","Consecrate+1","ForeignInfluence","WaveOfTheHand","MentalFortress","EmptyFist","Prostrate","Regret"],"special_seed":0,"relics":["PureWater","Akabeko","Blood Vial","Frozen Egg 2","Bottled Flame"],"potions_floor_usage":[12,16],"damage_taken":[{"damage":2.0,"enemies":"Jaw Worm","floor":1.0,"turns":3.0},{"damage":2,"enemies":"Small Slimes","floor":4,"turns":2},{"damage":0,"enemies":"Cultist","floor":7,"turns":3},{"damage":22,"enemies":"Exordium Wildlife","floor":11,"turns":4},{"damage":10,"enemies":"3 Sentries","floor":12,"turns":7},{"damage":0,"enemies":"Gremlin Gang","floor":14,"turns":1},{"damage":46,"enemies":"Slime Boss","floor":16,"turns":9}],"seed_played":"8630930129283771136","potions_obtained":[{"floor":1.0,"key":"Block Potion"},{"floor":4,"key":"Dexterity Potion"},{"floor":12,"key":"StancePotion"}],"is_trial":false,"path_per_floor":["M","$","?","M","?","R","M","R","T","$","M","E","?","M","R","B"],"character_chosen":"WATCHER","items_purchased":["Akabeko","Consecrate","EmptyFist"],"campfire_rested":0,"item_purchase_floors":[2,2,10],"current_hp_per_floor":[63,63,63,61,61,61,63,63,63,63,43,35,35,37,37,0],"gold":497,"neow_bonus":"TWO_FIFTY_GOLD","is_prod":false,"is_daily":false,"chose_seed":false,"campfire_upgraded":3,"win_rate":0,"timestamp":1605125055,"path_taken":["M","$","?","M","?","R","?","R","T","$","M","E","?","M","R","BOSS"],"build_version":"2020-07-30","purchased_purges":0,"victory":false,"max_hp_per_floor":[65,65,65,65,65,65,65,65,65,65,65,65,65,65,65,65],"card_choices":[{"not_picked":["FlyingSleeves","JustLucky"],"picked":"Halt","floor":1.0},{"not_picked":["ClearTheMind","Study"],"picked":"WaveOfTheHand","floor":4},{"not_picked":["EmptyFist","ClearTheMind"],"picked":"MentalFortress","floor":7},{"not_picked":["JustLucky","FollowUp"],"picked":"Prostrate","floor":11},{"not_picked":["Halt","EmptyFist","CutThroughFate"],"picked":"SKIP","floor":12},{"not_picked":["Sanctity","Worship","CrushJoints"],"picked":"SKIP","floor":14}],"player_experience":1230415,"relics_obtained":[{"floor":9,"key":"Frozen Egg 2"},{"floor":12,"key":"Bottled Flame"}],"event_choices":[{"damage_healed":0,"gold_gain":0,"cards_transformed":["Strike_P"],"player_choice":"Change","damage_taken":0,"max_hp_gain":0,"max_hp_loss":0,"event_name":"Living Wall","floor":3,"gold_loss":0,"cards_obtained":["ForeignInfluence"]},{"cards_removed":["Halt"],"damage_healed":0,"gold_gain":0,"player_choice":"Gave Card","damage_taken":0,"relics_obtained":["Blood Vial"],"max_hp_gain":0,"max_hp_loss":0,"event_name":"WeMeetAgain","floor":5,"gold_loss":0},{"damage_healed":0,"gold_gain":275,"player_choice":"Desecrate","damage_taken":0,"max_hp_gain":0,"max_hp_loss":0,"event_name":"Golden Shrine","floor":13,"gold_loss":0,"cards_obtained":["Regret"]}],"is_beta":false,"boss_relics":[],"items_purged_floors":[],"is_endless":false,"potions_floor_spawned":[1,4,12],"killed_by":"Slime Boss","ascension_level":11}