{"gold_per_floor":[112,112,112,135,151,191,32,70,123,25,25,44,44,69,69,197,197,213,213,238,47,60,60,60],"floor_reached":24,"playtime":620,"items_purged":[],"score":319,"play_id":"2fa75160-a343-441c-8585-407394278fb8","local_time":"20201120230412","is_ascension_mode":true,"campfire_choices":[{"floor":13,"key":"REST"},{"data":"Devotion","floor":15,"key":"SMITH"}],"neow_cost":"NONE","seed_source_timestamp":95149190916300,"circlet_count":0,"master_deck":["AscendersBane","Strike_P+1","Strike_P","Strike_P","Strike_P","Defend_P","Defend_P+1","Defend_P","Defend_P","Eruption","Vigilance","Prostrate","Worship","FollowUp","FollowUp","Devotion+1","FollowUp","Impatience","Meditate","BattleHymn","Ragnarok","Apotheosis"],"relics":["PureWater","NeowsBlessing","Golden Idol","Letter Opener","Lantern","Damaru","Runic Pyramid"],"potions_floor_usage":[6,8,14,20,24],"damage_taken":[{"damage":0,"enemies":"Small Slimes","floor":1,"turns":1},{"damage":0,"enemies":"Jaw Worm","floor":4,"turns":1},{"damage":0,"enemies":"Cultist","floor":5,"turns":1},{"damage":25,"enemies":"Lagavulin","floor":6,"turns":7},{"damage":19,"enemies":"Gremlin Nob","floor":8,"turns":5},{"damage":4,"enemies":"3 Louse","floor":12,"turns":2},{"damage":21,"enemies":"Red Slaver","floor":14,"turns":5},{"damage":2,"enemies":"Hexaghost","floor":16,"turns":6},{"damage":2,"enemies":"Spheric Guardian","floor":18,"turns":3},{"damage":27,"enemies":"2 Thieves","floor":20,"turns":3},{"damage":18,"enemies":"Centurion and Healer","floor":22,"turns":3},{"damage":8,"enemies":"Book of Stabbing","floor":24,"turns":2}],"seed_played":"6997991691222768269","potions_obtained":[{"floor":4,"key":"DistilledChaos"},{"floor":6,"key":"Weak Potion"},{"floor":12,"key":"Dexterity Potion"},{"floor":16,"key":"Block Potion"},{"floor":20,"key":"SpeedPotion"}],"is_trial":false,"path_per_floor":["M","?","?","M","M","E","$","E","T","$","?","M","R","M","R","B",null,"M","?","M","$","M","$","E"],"character_chosen":"WATCHER","items_purchased":["Devotion","Impatience","Apotheosis"],"campfire_rested":1,"item_purchase_floors":[7,10,21],"current_hp_per_floor":[65,65,51,51,51,26,26,7,7,7,7,3,24,3,3,1,54,52,46,19,19,1,1,0],"gold":60,"neow_bonus":"THREE_ENEMY_KILL","is_prod":false,"is_daily":false,"chose_seed":false,"campfire_upgraded":1,"win_rate":0,"timestamp":1605931452,"path_taken":["M","?","?","M","M","E","$","E","T","$","?","?","R","M","R","BOSS","M","?","?","$","M","$","E"],"build_version":"2020-07-30","purchased_purges":0,"victory":false,"max_hp_per_floor":[72,72,72,72,72,72,72,72,72,72,72,72,72,72,72,72,72,72,72,72,72,72,72,72],"card_choices":[{"not_picked":["Halt","SignatureMove"],"picked":"Prostrate","floor":1},{"not_picked":["DeceiveReality","SandsOfTime"],"picked":"Worship","floor":4},{"not_picked":["Collect","FlyingSleeves"],"picked":"FollowUp","floor":5},{"not_picked":["Protect","Evaluate"],"picked":"FollowUp","floor":6},{"not_picked":["Consecrate","Swivel"],"picked":"FollowUp","floor":8},{"not_picked":["BowlingBash","ThirdEye"],"picked":"Meditate","floor":12},{"not_picked":["ForeignInfluence","Consecrate"],"picked":"BattleHymn","floor":14},{"not_picked":["Omniscience","Establishment"],"picked":"Ragnarok","floor":16},{"not_picked":["Evaluate","PathToVictory+1","Protect"],"picked":"SKIP","floor":18},{"not_picked":["Halt","BattleHymn","WaveOfTheHand"],"picked":"SKIP","floor":20},{"not_picked":["FlurryOfBlows","ThirdEye+1","Nirvana"],"picked":"SKIP","floor":22}],"player_experience":1232268,"relics_obtained":[{"floor":6,"key":"Letter Opener"},{"floor":8,"key":"Lantern"},{"floor":9,"key":"Damaru"}],"event_choices":[{"damage_healed":0,"gold_gain":0,"player_choice":"Take Wound","damage_taken":0,"relics_obtained":["Golden Idol"],"max_hp_gain":0,"max_hp_loss":0,"event_name":"Golden Idol","floor":2,"gold_loss":0,"cards_obtained":["Injury"]},{"damage_healed":0,"gold_gain":0,"player_choice":"Entered Light","damage_taken":14,"max_hp_gain":0,"max_hp_loss":0,"event_name":"Shining Light","floor":3,"gold_loss":0,"cards_upgraded":["Strike_P","Defend_P"]},{"cards_removed":["Injury"],"damage_healed":0,"gold_gain":0,"player_choice":"Card Removal","damage_taken":0,"max_hp_gain":0,"max_hp_loss":0,"event_name":"Wheel of Change","floor":11,"gold_loss":0},{"damage_healed":0,"gold_gain":0,"player_choice":"","damage_taken":6,"max_hp_gain":0,"max_hp_loss":0,"event_name":"Knowing Skull","floor":19,"potions_obtained":[],"gold_loss":0,"cards_obtained":[]}],"is_beta":false,"boss_relics":[{"not_picked":["Philosopher\u0027s Stone","Fusion Hammer"],"picked":"Runic Pyramid"}],"items_purged_floors":[],"is_endless":false,"potions_floor_spawned":[4,6,12,16,20],"killed_by":"Book of Stabbing","ascension_level":11}