{"gold_per_floor":[119,119,194,217,229,262,262,302,325,325,609,625,625,647,647,745,745,772,313,313,18,37,67,67,67],"floor_reached":25,"playtime":871,"items_purged":["Regret"],"score":391,"play_id":"40a66e69-6141-4898-90f5-5c5bc39fbfe8","local_time":"20210102225534","is_ascension_mode":true,"campfire_choices":[{"data":"Consecrate","floor":7,"key":"SMITH"},{"data":"Eruption","floor":10,"key":"SMITH"},{"data":"LikeWater","floor":13,"key":"SMITH"},{"data":"SignatureMove","floor":15,"key":"SMITH"}],"neow_cost":"NONE","seed_source_timestamp":440765625566100,"circlet_count":0,"master_deck":["AscendersBane","Strike_P","Strike_P","Strike_P","Strike_P","Defend_P","Defend_P","Defend_P","Defend_P","Eruption+1","Vigilance","LikeWater+1","InnerPeace","Consecrate+1","SignatureMove+1","Swivel","Halt+1"],"relics":["PureWater","NeowsBlessing","MealTicket","Gambling Chip","CeramicFish","Akabeko","Black Star","Bottled Tornado","Orichalcum","Damaru","Membership Card","Lizard Tail","Juzu Bracelet","Oddly Smooth Stone","FaceOfCleric"],"potions_floor_usage":[8,16,23,25],"damage_taken":[{"damage":0,"enemies":"2 Louse","floor":1,"turns":1},{"damage":0,"enemies":"Jaw Worm","floor":5,"turns":1},{"damage":0,"enemies":"3 Sentries","floor":6,"turns":2},{"damage":16,"enemies":"Lagavulin","floor":8,"turns":6},{"damage":0,"enemies":"Cultist","floor":12,"turns":2},{"damage":0,"enemies":"Looter","floor":14,"turns":1},{"damage":15,"enemies":"The Guardian","floor":16,"turns":8},{"damage":1,"enemies":"Spheric Guardian","floor":18,"turns":3},{"damage":2,"enemies":"2 Thieves","floor":22,"turns":4},{"damage":98,"enemies":"Slavers","floor":23,"turns":9},{"damage":41,"enemies":"Centurion and Healer","floor":25,"turns":3}],"seed_played":"9017019036248123011","potions_obtained":[{"floor":1,"key":"Swift Potion"},{"floor":6,"key":"EssenceOfSteel"},{"floor":8,"key":"SpeedPotion"},{"floor":14,"key":"Energy Potion"},{"floor":16,"key":"DuplicationPotion"},{"floor":18,"key":"LiquidMemories"}],"is_trial":false,"path_per_floor":["M","?","?","T","M","E","R","E","T","R","?","M","R","M","R","B",null,"M","$","T","$","M","E","?","M"],"character_chosen":"WATCHER","items_purchased":["Bottled Tornado","Orichalcum","Membership Card","Lizard Tail"],"campfire_rested":0,"item_purchase_floors":[19,19,21,21],"current_hp_per_floor":[65,70,59,59,59,59,59,43,43,43,43,43,43,43,43,28,65,64,77,77,77,75,29,29,0],"gold":67,"neow_bonus":"THREE_ENEMY_KILL","is_prod":false,"is_daily":false,"chose_seed":false,"campfire_upgraded":4,"win_rate":0,"timestamp":1609646134,"path_taken":["M","?","?","?","?","E","R","E","T","R","?","?","R","M","R","BOSS","M","$","?","?","M","E","?","M"],"build_version":"2020-12-22","purchased_purges":1,"victory":false,"max_hp_per_floor":[72,77,77,77,77,77,77,77,77,77,77,77,77,77,77,77,77,77,77,77,77,77,77,77,77],"card_choices":[{"not_picked":["Perseverance","Nirvana"],"picked":"LikeWater","floor":1},{"not_picked":["Pray","CrushJoints"],"picked":"InnerPeace","floor":5},{"not_picked":["Prostrate","EmptyFist"],"picked":"Consecrate","floor":6},{"not_picked":["Weave","Prostrate"],"picked":"SignatureMove","floor":8},{"not_picked":["Halt","Prostrate","FlyingSleeves"],"picked":"SKIP","floor":12},{"not_picked":["Indignation","Meditate"],"picked":"Swivel","floor":14},{"not_picked":["WreathOfFlame","Protect"],"picked":"Halt+1","floor":18},{"not_picked":["Evaluate","SandsOfTime+1","JustLucky"],"picked":"SKIP","floor":22},{"not_picked":["Halt+1","Protect","ThirdEye"],"picked":"SKIP","floor":23}],"player_experience":1240419,"relics_obtained":[{"floor":4,"key":"MealTicket"},{"floor":6,"key":"Gambling Chip"},{"floor":8,"key":"CeramicFish"},{"floor":9,"key":"Akabeko"},{"floor":20,"key":"Damaru"},{"floor":23,"key":"Juzu Bracelet"},{"floor":23,"key":"Oddly Smooth Stone"}],"event_choices":[{"damage_healed":0,"gold_gain":0,"player_choice":"Donut","damage_taken":0,"max_hp_gain":5,"max_hp_loss":0,"event_name":"Big Fish","floor":2,"gold_loss":0},{"damage_healed":0,"gold_gain":75,"player_choice":"Gather Gold","damage_taken":11,"max_hp_gain":0,"max_hp_loss":0,"event_name":"World of Goop","floor":3,"gold_loss":0},{"damage_healed":0,"gold_gain":275,"player_choice":"Desecrate","damage_taken":0,"max_hp_gain":0,"max_hp_loss":0,"event_name":"Golden Shrine","floor":11,"gold_loss":0,"cards_obtained":["Regret"]},{"damage_healed":0,"gold_gain":0,"player_choice":"Trade","damage_taken":0,"relics_obtained":["FaceOfCleric"],"max_hp_gain":0,"max_hp_loss":0,"event_name":"FaceTrader","floor":24,"gold_loss":0}],"is_beta":false,"boss_relics":[{"not_picked":["Velvet Choker","Busted Crown"],"picked":"Black Star"}],"items_purged_floors":[19],"is_endless":false,"potions_floor_spawned":[1,6,8,14,16,18],"killed_by":"Centurion and Healer","ascension_level":11}