{"gold_per_floor":[111,111,134,84,61,61,79,79,106,147,147,72,72,97,97,217,217,231,154,154,173,153,153,184,207,231,267,267,288,288],"floor_reached":30,"playtime":1090,"items_purged":["Strike_P"],"score":529,"play_id":"47b07cb4-daf2-4fcf-bc20-68713a0422cf","local_time":"20201226210540","is_ascension_mode":true,"campfire_choices":[{"data":"Eruption","floor":6,"key":"SMITH"},{"data":"Vigilance","floor":8,"key":"SMITH"},{"floor":11,"key":"REST"},{"data":"SignatureMove","floor":15,"key":"SMITH"},{"data":"Tantrum","floor":23,"key":"SMITH"},{"floor":28,"key":"REST"}],"neow_cost":"NONE","seed_source_timestamp":264143100690400,"circlet_count":0,"master_deck":["AscendersBane","Strike_P","Strike_P","Defend_P","Defend_P","Defend_P","Defend_P","Eruption+1","Vigilance+1","Tantrum+1","Collect","Consecrate","Protect","SignatureMove+1","Devotion","BowlingBash+1","Writhe","Blasphemy","Halt","FollowUp"],"relics":["SacredBark","Golden Idol","Vajra","Blue Candle","Black Star","Darkstone Periapt","Centennial Puzzle","Bronze Scales","Ancient Tea Set","Kunai"],"potions_floor_usage":[10,14,16,21,29,29],"damage_taken":[{"damage":0,"enemies":"Cultist","floor":1,"turns":2},{"damage":6,"enemies":"Small Slimes","floor":3,"turns":3},{"damage":4,"enemies":"Jaw Worm","floor":7,"turns":3},{"damage":31,"enemies":"3 Sentries","floor":10,"turns":7},{"damage":0,"enemies":"2 Fungi Beasts","floor":14,"turns":3},{"damage":0,"enemies":"Slime Boss","floor":16,"turns":6},{"damage":0,"enemies":"Chosen","floor":18,"turns":3},{"damage":5,"enemies":"2 Thieves","floor":21,"turns":2},{"damage":23,"enemies":"Gremlin Leader","floor":24,"turns":4},{"damage":7,"enemies":"Snake Plant","floor":25,"turns":2},{"damage":50,"enemies":"Book of Stabbing","floor":27,"turns":5},{"damage":22,"enemies":"Sentry and Sphere","floor":29,"turns":3},{"damage":41,"enemies":"Slavers","floor":30,"turns":3}],"seed_played":"169305231773417119","potions_obtained":[{"floor":1,"key":"ColorlessPotion"},{"floor":7,"key":"SneckoOil"},{"floor":10,"key":"DuplicationPotion"},{"floor":16,"key":"DistilledChaos"},{"floor":22,"key":"FairyPotion"},{"floor":27,"key":"Explosive Potion"}],"is_trial":false,"path_per_floor":["M","?","M","?","$","R","M","R","T","E","R","$","?","M","R","B",null,"M","$","?","M","?","R","E","M","T","E","R","M","E"],"character_chosen":"WATCHER","items_purchased":["Consecrate","Ancient Potion"],"campfire_rested":2,"item_purchase_floors":[5,19],"current_hp_per_floor":[65,65,59,59,59,59,55,55,55,24,45,45,38,38,38,38,64,64,64,70,65,65,65,42,35,35,32,55,33,0],"gold":288,"neow_bonus":"BOSS_RELIC","is_prod":false,"is_daily":false,"chose_seed":false,"campfire_upgraded":4,"win_rate":0,"timestamp":1609034740,"path_taken":["M","?","M","?","?","R","M","R","T","E","R","$","?","M","R","BOSS","M","$","?","M","?","R","E","M","T","E","R","M","E"],"build_version":"2020-12-22","purchased_purges":1,"victory":false,"max_hp_per_floor":[72,72,72,72,72,72,72,72,72,72,72,72,72,72,72,72,72,72,72,78,78,78,78,78,78,78,78,78,78,78],"card_choices":[{"not_picked":["Consecrate","FlyingSleeves"],"picked":"Tantrum","floor":1},{"not_picked":["PathToVictory","FlyingSleeves"],"picked":"Collect","floor":3},{"not_picked":["Vengeance","PathToVictory"],"picked":"Protect","floor":7},{"not_picked":["Consecrate","Fasting2"],"picked":"SignatureMove","floor":10},{"not_picked":["Evaluate","SandsOfTime","Protect"],"picked":"SKIP","floor":14},{"not_picked":["Ragnarok","Alpha"],"picked":"Devotion","floor":16},{"not_picked":["TalkToTheHand+1","EmptyFist"],"picked":"BowlingBash+1","floor":18},{"not_picked":["PathToVictory","Meditate","FlurryOfBlows"],"picked":"SKIP","floor":21},{"not_picked":["SashWhip","Wireheading"],"picked":"Blasphemy","floor":24},{"not_picked":["CrushJoints+1","FlyingSleeves"],"picked":"Halt","floor":25},{"not_picked":["Protect","ClearTheMind+1"],"picked":"FollowUp","floor":27},{"not_picked":["Prostrate+1","Consecrate","DeceiveReality"],"picked":"SKIP","floor":29}],"player_experience":1234214,"relics_obtained":[{"floor":9,"key":"Vajra"},{"floor":10,"key":"Blue Candle"},{"floor":24,"key":"Centennial Puzzle"},{"floor":26,"key":"Bronze Scales"},{"floor":27,"key":"Ancient Tea Set"},{"floor":27,"key":"Kunai"}],"event_choices":[{"damage_healed":0,"gold_gain":0,"player_choice":"Take Wound","damage_taken":0,"relics_obtained":["Golden Idol"],"max_hp_gain":0,"max_hp_loss":0,"event_name":"Golden Idol","floor":2,"gold_loss":0,"cards_obtained":["Injury"]},{"cards_removed":["Injury"],"damage_healed":0,"gold_gain":0,"player_choice":"Card Removal","damage_taken":0,"max_hp_gain":0,"max_hp_loss":0,"event_name":"The Cleric","floor":4,"gold_loss":50},{"cards_removed":["Strike_P"],"damage_healed":0,"gold_gain":0,"player_choice":"Card Removal","damage_taken":7,"max_hp_gain":0,"max_hp_loss":0,"event_name":"Golden Wing","floor":13,"gold_loss":0},{"damage_healed":0,"gold_gain":0,"player_choice":"Opened","damage_taken":0,"relics_obtained":["Darkstone Periapt"],"max_hp_gain":0,"max_hp_loss":0,"event_name":"The Mausoleum","floor":20,"gold_loss":0,"cards_obtained":["Writhe"]},{"damage_healed":0,"gold_gain":0,"player_choice":"Bought 1 Potion","damage_taken":0,"max_hp_gain":0,"max_hp_loss":0,"event_name":"The Woman in Blue","floor":22,"gold_loss":0}],"is_beta":false,"boss_relics":[{"not_picked":["Runic Pyramid","SlaversCollar"],"picked":"Black Star"}],"items_purged_floors":[12],"is_endless":false,"potions_floor_spawned":[1,7,10,16,24,27],"killed_by":"Slavers","ascension_level":11}