{"gold_per_floor":[119,119,119,119,119,119,148,148,148,165,177,192,192,202,202,306,306,319,319,499,292,307,307,324,324,374,390,409,409,442,459,459,459],"floor_reached":33,"playtime":1843,"items_purged":["Strike_P"],"score":569,"play_id":"e144b371-7f8f-4769-9c93-53ada6bed612","local_time":"20210120085947","is_ascension_mode":true,"campfire_choices":[{"data":"Eruption","floor":6.0,"key":"SMITH"},{"floor":8.0,"key":"DIG"},{"floor":13.0,"key":"DIG"},{"floor":15.0,"key":"DIG"},{"floor":23.0,"key":"DIG"},{"floor":25.0,"key":"DIG"},{"floor":29.0,"key":"DIG"},{"floor":32,"key":"DIG"}],"neow_cost":"NONE","seed_source_timestamp":402809906128500,"circlet_count":0,"master_deck":["AscendersBane","Strike_P+1","Defend_P","Defend_P+1","Defend_P","Eruption+1","Vigilance","Prostrate","Perseverance","Wallop+1","Crescendo","Consecrate+1","Scrawl","Conclude+1","InnerPeace","EmptyBody","FearNoEvil","Prostrate+1"],"special_seed":0,"relics":["HolyWater","NeowsBlessing","Oddly Smooth Stone","Shovel","Smiling Mask","Dead Branch","CloakClasp","Calipers","Whetstone","Thread and Needle","Mango","Regal Pillow","CaptainsWheel","Toy Ornithopter","Mummified Hand"],"potions_floor_usage":[33],"damage_taken":[{"damage":0.0,"enemies":"Jaw Worm","floor":1.0,"turns":1.0},{"damage":0.0,"enemies":"3 Sentries","floor":7.0,"turns":1.0},{"damage":0.0,"enemies":"2 Louse","floor":10.0,"turns":2.0},{"damage":0.0,"enemies":"Cultist","floor":11.0,"turns":3.0},{"damage":4.0,"enemies":"Exordium Thugs","floor":12.0,"turns":3.0},{"damage":0.0,"enemies":"Blue Slaver","floor":14.0,"turns":3.0},{"damage":0.0,"enemies":"Slime Boss","floor":16.0,"turns":7.0},{"damage":0.0,"enemies":"Shell Parasite","floor":18.0,"turns":2.0},{"damage":0.0,"enemies":"3 Byrds","floor":22.0,"turns":4.0},{"damage":0.0,"enemies":"Cultist and Chosen","floor":24.0,"turns":6.0},{"damage":0.0,"enemies":"Centurion and Healer","floor":27.0,"turns":3.0},{"damage":0.0,"enemies":"Snake Plant","floor":28.0,"turns":3.0},{"damage":0,"enemies":"Slavers","floor":30,"turns":8},{"damage":0,"enemies":"Shelled Parasite and Fungi","floor":31,"turns":6},{"damage":105,"enemies":"Champ","floor":33,"turns":7}],"seed_played":"8739823420629167902","potions_obtained":[{"floor":7.0,"key":"EssenceOfSteel"},{"floor":10.0,"key":"Energy Potion"},{"floor":18.0,"key":"BlessingOfTheForge"}],"is_trial":false,"path_per_floor":["M","?","?","$","T","R","E","R","T","M","M","M","R","M","R","B",null,"M","?","?","$","M","R","M","R","T","M","M","R","E","M","R","B"],"character_chosen":"WATCHER","items_purchased":["Whetstone"],"campfire_rested":0,"item_purchase_floors":[21],"current_hp_per_floor":[65,58,44,44,44,44,44,44,44,44,44,40,40,40,40,40,64,64,64,45,45,45,45,45,59,59,59,59,59,59,59,59,0],"gold":459,"neow_bonus":"THREE_ENEMY_KILL","is_prod":false,"is_daily":false,"chose_seed":false,"campfire_upgraded":1,"win_rate":0,"timestamp":1611151187,"path_taken":["M","?","?","$","?","R","E","R","T","M","?","M","R","M","R","BOSS","M","?","?","$","M","R","M","R","T","M","M","R","E","M","R","BOSS"],"build_version":"2020-12-22","purchased_purges":1,"victory":false,"max_hp_per_floor":[72,72,72,72,72,72,72,72,72,72,72,72,72,72,72,72,72,72,72,72,72,72,72,72,86,86,86,86,86,86,86,86,86],"card_choices":[{"not_picked":["CutThroughFate","FlyingSleeves"],"picked":"Prostrate","floor":1.0},{"not_picked":["Wireheading","FlyingSleeves"],"picked":"Perseverance","floor":7.0},{"not_picked":["SashWhip","Swivel"],"picked":"Wallop","floor":10.0},{"not_picked":["Prostrate","SandsOfTime"],"picked":"Crescendo","floor":11.0},{"not_picked":["DeceiveReality","ThirdEye"],"picked":"Consecrate","floor":12.0},{"not_picked":["Vengeance","BattleHymn","BowlingBash"],"picked":"SKIP","floor":14.0},{"not_picked":["Judgement","ConjureBlade"],"picked":"Scrawl","floor":16.0},{"not_picked":["Prostrate","EmptyBody"],"picked":"Conclude+1","floor":18.0},{"not_picked":["Perseverance","PathToVictory"],"picked":"FearNoEvil","floor":22.0},{"not_picked":["BowlingBash","Wallop","Crescendo"],"picked":"SKIP","floor":24.0},{"not_picked":["EmptyBody","Protect","CutThroughFate"],"picked":"SKIP","floor":27.0},{"not_picked":["Study","Conclude+1","FearNoEvil"],"picked":"SKIP","floor":28.0},{"not_picked":["Wireheading","ThirdEye+1","LikeWater"],"picked":"SKIP","floor":30},{"not_picked":["Weave","Wallop"],"picked":"Prostrate+1","floor":31}],"player_experience":1242706,"relics_obtained":[{"floor":5.0,"key":"Oddly Smooth Stone"},{"floor":7.0,"key":"Shovel"},{"floor":8.0,"key":"Smiling Mask"},{"floor":9.0,"key":"Dead Branch"},{"floor":13.0,"key":"CloakClasp"},{"floor":15.0,"key":"Calipers"},{"floor":23.0,"key":"Thread and Needle"},{"floor":25.0,"key":"Mango"},{"floor":26.0,"key":"Regal Pillow"},{"floor":29.0,"key":"CaptainsWheel"},{"floor":30,"key":"Toy Ornithopter"},{"floor":32,"key":"Mummified Hand"}],"event_choices":[{"cards_removed":["Defend_P"],"damage_healed":0.0,"max_hp_gain":0.0,"max_hp_loss":0.0,"gold_gain":0.0,"event_name":"Golden Wing","player_choice":"Card Removal","floor":2.0,"gold_loss":0.0,"damage_taken":7.0},{"damage_healed":0.0,"max_hp_gain":0.0,"max_hp_loss":0.0,"gold_gain":0.0,"event_name":"Shining Light","player_choice":"Entered Light","floor":3.0,"gold_loss":0.0,"damage_taken":14.0,"cards_upgraded":["Defend_P","Strike_P"]},{"damage_healed":0.0,"max_hp_gain":0.0,"max_hp_loss":0.0,"gold_gain":0.0,"cards_transformed":["Strike_P","Strike_P"],"event_name":"Drug Dealer","player_choice":"Became Test Subject","floor":19.0,"gold_loss":0.0,"damage_taken":0.0,"cards_obtained":["InnerPeace","EmptyBody"]},{"damage_healed":0.0,"max_hp_gain":0.0,"max_hp_loss":0.0,"gold_gain":180.0,"event_name":"Knowing Skull","player_choice":"GOLD GOLD ","floor":20.0,"potions_obtained":[],"gold_loss":0.0,"damage_taken":19.0,"cards_obtained":[]}],"is_beta":false,"boss_relics":[{"not_picked":["Busted Crown","SlaversCollar"],"picked":"HolyWater"}],"items_purged_floors":[21],"is_endless":false,"potions_floor_spawned":[7,10,16,18,27,30],"killed_by":"Champ","ascension_level":11}