{"gold_per_floor":[112,127,302,302,302,331,331,35,87,114,114,114],"floor_reached":12,"playtime":265,"items_purged":[],"score":169,"play_id":"59e15aa3-b4b3-442c-a95c-eb801c32dfbe","local_time":"20210124191552","is_ascension_mode":true,"campfire_choices":[{"data":"Eruption","floor":7,"key":"SMITH"},{"data":"Tantrum","floor":11,"key":"SMITH"}],"neow_cost":"NONE","seed_source_timestamp":786987749969700,"circlet_count":0,"master_deck":["AscendersBane","Strike_P","Strike_P","Strike_P","Strike_P","Defend_P","Defend_P","Defend_P","Defend_P","Eruption+1","Vigilance","Crescendo","Sanctity","Regret","InnerPeace","Tantrum+1","Vengeance"],"relics":["PureWater","NeowsBlessing","Frozen Egg 2","Meat on the Bone","Pear","Pen Nib","The Courier"],"potions_floor_usage":[],"damage_taken":[{"damage":0,"enemies":"Small Slimes","floor":1,"turns":1},{"damage":0,"enemies":"Jaw Worm","floor":2,"turns":1},{"damage":0,"enemies":"3 Sentries","floor":6,"turns":2},{"damage":59,"enemies":"Gremlin Nob","floor":10,"turns":4},{"damage":28,"enemies":"3 Sentries","floor":12,"turns":4}],"seed_played":"6306016864775240580","potions_obtained":[],"is_trial":false,"path_per_floor":["M","M","?","?","?","E","R","$","T","E","R","E"],"character_chosen":"WATCHER","items_purchased":["Pear","Tantrum"],"campfire_rested":0,"item_purchase_floors":[8,8],"current_hp_per_floor":[65,65,65,58,58,58,58,68,68,21,21,0],"gold":114,"neow_bonus":"THREE_ENEMY_KILL","is_prod":false,"is_daily":false,"chose_seed":false,"campfire_upgraded":2,"win_rate":0,"timestamp":1611533752,"path_taken":["M","M","?","?","?","E","R","$","T","E","R","E"],"build_version":"2020-12-22","purchased_purges":0,"victory":false,"max_hp_per_floor":[72,72,72,72,72,72,72,82,82,82,82,82],"card_choices":[{"not_picked":["FollowUp","Nirvana"],"picked":"Crescendo","floor":1},{"not_picked":["Protect","Worship"],"picked":"Sanctity","floor":2},{"not_picked":["Halt","EmptyMind"],"picked":"InnerPeace","floor":6},{"not_picked":["SpiritShield","Swivel"],"picked":"Vengeance","floor":10}],"player_experience":1247407,"relics_obtained":[{"floor":6,"key":"Meat on the Bone"},{"floor":9,"key":"Pen Nib"},{"floor":10,"key":"The Courier"}],"event_choices":[{"damage_healed":0,"gold_gain":175,"player_choice":"AGREE","damage_taken":0,"max_hp_gain":0,"max_hp_loss":0,"event_name":"Liars Game","floor":3,"gold_loss":0,"cards_obtained":["Doubt"]},{"cards_removed":["Doubt"],"damage_healed":0,"gold_gain":0,"player_choice":"Card Removal","damage_taken":7,"max_hp_gain":0,"max_hp_loss":0,"event_name":"Golden Wing","floor":4,"gold_loss":0},{"damage_healed":0,"gold_gain":0,"player_choice":"Box","damage_taken":0,"relics_obtained":["Frozen Egg 2"],"max_hp_gain":0,"max_hp_loss":0,"event_name":"Big Fish","floor":5,"gold_loss":0,"cards_obtained":["Regret"]}],"is_beta":false,"boss_relics":[],"items_purged_floors":[],"is_endless":false,"potions_floor_spawned":[],"killed_by":"3 Sentries","ascension_level":11}