{"gold_per_floor":[114,130,16,16,30,30,63,63,63,75,75,100,117,137,137,234,234,248,248,163,163,180,207,207,207,258,101,101,115,130,229,229,329,329,342,356,42,42,42,72,72,92,168,15,48,66,85,101,101,101],"floor_reached":50,"playtime":2619,"items_purged":["Strike_P"],"score":657,"play_id":"8a1d3fc0-ebab-4d95-a739-42c575b2afef","local_time":"20210131220124","is_ascension_mode":false,"campfire_choices":[{"data":"Conclude","floor":6,"key":"SMITH"},{"data":"MentalFortress","floor":11,"key":"SMITH"},{"data":"Brilliance","floor":15,"key":"SMITH"},{"floor":25,"key":"REST"},{"data":"Worship","floor":28,"key":"SMITH"},{"data":"ClearTheMind","floor":32,"key":"SMITH"},{"floor":41,"key":"REST"},{"floor":49,"key":"REST"}],"neow_cost":"","seed_source_timestamp":0,"circlet_count":0,"master_deck":["Defend_P+1","Defend_P","Defend_P+1","Defend_P+1","Eruption+1","Vigilance","ReachHeaven+1","Prostrate+1","MentalFortress+1","Conclude+1","Meditate","ClearTheMind+1","Brilliance+1","LessonLearned","SignatureMove+1","CutThroughFate+1","Brilliance+1","Indignation","Bite+1","Bite","Bite","Bite","Bite+1","Worship+1","Prostrate+1","MasterReality","Finesse","Tantrum"],"relics":["PureWater","FossilizedHelix","TungstenRod","Kunai","Astrolabe","Anchor","Blue Candle","Bag of Preparation","Pen Nib","Lantern","Fusion Hammer","Mango","Pantograph","Shuriken","Bag of Marbles","HornCleat"],"potions_floor_usage":[14,36,40,45,47,50],"damage_taken":[{"damage":1,"enemies":"2 Louse","floor":1,"turns":3},{"damage":0,"enemies":"Cultist","floor":2,"turns":3},{"damage":16,"enemies":"Small Slimes","floor":5,"turns":3},{"damage":1,"enemies":"3 Sentries","floor":7,"turns":3},{"damage":3,"enemies":"Gremlin Gang","floor":10,"turns":2},{"damage":0,"enemies":"Lagavulin","floor":12,"turns":6},{"damage":0,"enemies":"Large Slime","floor":13,"turns":3},{"damage":0,"enemies":"Looter","floor":14,"turns":3},{"damage":4,"enemies":"Hexaghost","floor":16,"turns":7},{"damage":17,"enemies":"3 Byrds","floor":18,"turns":7},{"damage":13,"enemies":"2 Thieves","floor":22,"turns":5},{"damage":34,"enemies":"Book of Stabbing","floor":23,"turns":6},{"damage":0,"enemies":"Snecko","floor":29,"turns":2},{"damage":0,"enemies":"Centurion and Healer","floor":30,"turns":2},{"damage":25,"enemies":"Automaton","floor":33,"turns":6},{"damage":0,"enemies":"3 Shapes","floor":35,"turns":3},{"damage":0,"enemies":"Orb Walker","floor":36,"turns":2},{"damage":0,"enemies":"Nemesis","floor":40,"turns":3},{"damage":0,"enemies":"Maw","floor":42,"turns":6},{"damage":0,"enemies":"Giant Head","floor":45,"turns":6},{"damage":0,"enemies":"Jaw Worm Horde","floor":46,"turns":1},{"damage":38,"enemies":"Writhing Mass","floor":47,"turns":4},{"damage":0,"enemies":"Spire Growth","floor":48,"turns":4},{"damage":114,"enemies":"Time Eater","floor":50,"turns":11}],"seed_played":"27394","potions_obtained":[{"floor":1,"key":"FairyPotion"},{"floor":7,"key":"ColorlessPotion"},{"floor":14,"key":"Regen Potion"},{"floor":22,"key":"Fire Potion"},{"floor":36,"key":"SkillPotion"},{"floor":40,"key":"ColorlessPotion"},{"floor":46,"key":"SkillPotion"}],"is_trial":true,"path_per_floor":["M","M","$","?","M","R","E","?","T","M","R","E","M","M","R","B",null,"M","?","?","$","M","E","?","R","T","$","R","M","M","?","R","B",null,"M","M","$","?","?","E","R","M","T","$","E","M","M","M","R","B"],"character_chosen":"WATCHER","items_purchased":["MentalFortress","Lantern","Mango","Bag of Marbles"],"campfire_rested":3,"item_purchase_floors":[3,27,37,44],"current_hp_per_floor":[71,71,71,71,55,55,54,54,54,51,51,51,51,51,51,47,72,55,50,50,50,41,19,19,34,34,34,34,40,46,46,46,31,50,50,50,64,61,61,61,61,61,61,61,61,61,29,36,54,0],"gold":101,"neow_bonus":"","is_prod":false,"is_daily":false,"chose_seed":true,"campfire_upgraded":5,"win_rate":0,"timestamp":1612148484,"path_taken":["M","M","$","?","?","R","E","?","T","M","R","E","M","?","R","BOSS","M","?","?","?","M","E","?","R","T","$","R","M","M","?","R","BOSS","M","M","$","?","?","E","R","M","T","?","E","?","M","M","R","BOSS"],"build_version":"2020-12-22","purchased_purges":1,"victory":false,"max_hp_per_floor":[72,72,72,72,72,72,72,72,72,72,72,72,72,72,72,72,72,72,50,50,50,50,50,50,50,50,50,50,50,50,50,50,50,50,50,50,64,61,61,61,61,61,61,61,61,61,61,61,61,61],"card_choices":[{"not_picked":["WreathOfFlame","Crescendo"],"picked":"ReachHeaven","floor":1},{"not_picked":["EmptyBody","ClearTheMind"],"picked":"Prostrate","floor":2},{"not_picked":["Collect","Consecrate"],"picked":"Conclude","floor":5},{"not_picked":["Collect","Ragnarok"],"picked":"Meditate","floor":7},{"not_picked":["Conclude","FlurryOfBlows"],"picked":"ClearTheMind","floor":10},{"not_picked":["Evaluate","BowlingBash"],"picked":"Brilliance","floor":12},{"not_picked":["Study","Collect","InnerPeace"],"picked":"SKIP","floor":13},{"not_picked":["ClearTheMind","Prostrate","Nirvana"],"picked":"SKIP","floor":14},{"not_picked":["Alpha","Vault"],"picked":"LessonLearned","floor":16},{"not_picked":["WindmillStrike+1","ThirdEye"],"picked":"Indignation","floor":18},{"not_picked":["Halt","BowlingBash+1","WaveOfTheHand+1"],"picked":"SKIP","floor":22},{"not_picked":["BowlingBash","FlurryOfBlows"],"picked":"Worship","floor":23},{"not_picked":["BowlingBash","EmptyBody","Prostrate"],"picked":"SKIP","floor":29},{"not_picked":["ClearTheMind","Protect+1","EmptyMind"],"picked":"SKIP","floor":30},{"not_picked":["FlurryOfBlows","Pray"],"picked":"Prostrate+1","floor":35},{"not_picked":["BowlingBash+1","Protect+1"],"picked":"MasterReality","floor":36},{"not_picked":["Discovery","Transmutation"],"picked":"Finesse","floor":39},{"not_picked":["PathToVictory+1","CrushJoints+1","EmptyBody"],"picked":"SKIP","floor":40},{"not_picked":["FlurryOfBlows+1","Prostrate+1","SandsOfTime+1"],"picked":"SKIP","floor":42},{"not_picked":["TalkToTheHand","FollowUp"],"picked":"Tantrum","floor":45},{"not_picked":["Collect","LikeWater","ClearTheMind"],"picked":"SKIP","floor":46},{"not_picked":["Crescendo","Evaluate+1","ThirdEye"],"picked":"SKIP","floor":47},{"not_picked":["ThirdEye+1","CrushJoints+1","ClearTheMind"],"picked":"SKIP","floor":48}],"player_experience":1260360,"relics_obtained":[{"floor":7,"key":"FossilizedHelix"},{"floor":9,"key":"TungstenRod"},{"floor":12,"key":"Kunai"},{"floor":23,"key":"Blue Candle"},{"floor":26,"key":"Pen Nib"},{"floor":40,"key":"Pantograph"},{"floor":43,"key":"Shuriken"},{"floor":45,"key":"HornCleat"}],"event_choices":[{"damage_healed":0,"gold_gain":0,"player_choice":"Forge","damage_taken":0,"max_hp_gain":0,"max_hp_loss":0,"event_name":"Accursed Blacksmith","floor":4,"gold_loss":0,"cards_upgraded":["Eruption"]},{"damage_healed":0,"gold_gain":0,"player_choice":"Upgraded","damage_taken":0,"max_hp_gain":0,"max_hp_loss":0,"event_name":"Upgrade Shrine","floor":8,"gold_loss":0,"cards_upgraded":["Prostrate"]},{"damage_healed":0,"gold_gain":0,"player_choice":"Became a vampire","damage_taken":0,"max_hp_gain":0,"max_hp_loss":22,"event_name":"Vampires","floor":19,"gold_loss":0,"cards_obtained":["Bite","Bite","Bite","Bite","Bite"]},{"damage_healed":0,"gold_gain":0,"player_choice":"Obtained Relic","damage_taken":0,"relics_obtained":["Anchor"],"max_hp_gain":0,"max_hp_loss":0,"event_name":"Addict","floor":20,"gold_loss":85},{"damage_healed":0,"gold_gain":0,"player_choice":"Opened","damage_taken":0,"relics_obtained":["Bag of Preparation"],"max_hp_gain":0,"max_hp_loss":0,"event_name":"The Mausoleum","floor":24,"gold_loss":0},{"damage_healed":0,"gold_gain":99,"player_choice":"Stole From Cult","damage_taken":0,"max_hp_gain":0,"max_hp_loss":0,"event_name":"Nest","floor":31,"gold_loss":0},{"damage_healed":0,"gold_gain":0,"player_choice":"Max HP","damage_taken":0,"max_hp_gain":0,"max_hp_loss":3,"event_name":"Winding Halls","floor":38,"gold_loss":0},{"damage_healed":0,"gold_gain":0,"player_choice":"Memory 1","damage_taken":0,"max_hp_gain":0,"max_hp_loss":0,"event_name":"SensoryStone","floor":39,"gold_loss":0}],"is_beta":false,"boss_relics":[{"not_picked":["Philosopher\u0027s Stone","Ectoplasm"],"picked":"Astrolabe"},{"not_picked":["Snecko Eye","HolyWater"],"picked":"Fusion Hammer"}],"items_purged_floors":[3],"is_endless":false,"potions_floor_spawned":[1,7,14,22,23,35,36,40,46],"killed_by":"Time Eater","ascension_level":0}