{"gold_per_floor":[112,112,112,136,136,174,20,20,44,64,64,87,87,130,130,219,219,242,242,242,157,145,145],"floor_reached":23,"playtime":667,"items_purged":["Injury"],"score":377,"play_id":"a1dcfc24-1253-4fb9-af8b-ca9501621cb8","local_time":"20210212232157","is_ascension_mode":true,"campfire_choices":[{"data":"Worship","floor":13,"key":"SMITH"},{"floor":15,"key":"REST"}],"neow_cost":"NONE","seed_source_timestamp":2443082151985800,"circlet_count":0,"master_deck":["AscendersBane","Strike_P","Strike_P","Strike_P","Defend_P","Defend_P","Defend_P","Defend_P","Eruption","Vigilance","SignatureMove","Perseverance","Worship+1","CarveReality","Evaluate","DeusExMachina","Wish","WreathOfFlame"],"relics":["PureWater","NeowsBlessing","Incense Burner","Bloody Idol","CaptainsWheel","Akabeko","Dream Catcher","Snecko Eye","Girya"],"potions_floor_usage":[18,23,23],"damage_taken":[{"damage":0,"enemies":"2 Louse","floor":1,"turns":1},{"damage":0,"enemies":"Small Slimes","floor":4,"turns":2},{"damage":0,"enemies":"3 Sentries","floor":6,"turns":1},{"damage":2,"enemies":"Jaw Worm","floor":10,"turns":4},{"damage":0,"enemies":"3 Louse","floor":12,"turns":2},{"damage":10,"enemies":"Gremlin Nob","floor":14,"turns":4},{"damage":7,"enemies":"Slime Boss","floor":16,"turns":7},{"damage":5,"enemies":"3 Byrds","floor":18,"turns":4},{"damage":32,"enemies":"2 Thieves","floor":22,"turns":5},{"damage":50,"enemies":"Slavers","floor":23,"turns":4}],"seed_played":"-5836091174183545314","potions_obtained":[{"floor":1,"key":"SteroidPotion"},{"floor":4,"key":"SpeedPotion"},{"floor":14,"key":"Explosive Potion"},{"floor":22,"key":"SpeedPotion"}],"is_trial":false,"path_per_floor":["M","?","?","M","?","E","$","?","T","M","$","M","R","E","R","B",null,"M","?","?","?","M","E"],"character_chosen":"WATCHER","items_purchased":["Worship"],"campfire_rested":1,"item_purchase_floors":[7],"current_hp_per_floor":[61,43,43,43,48,48,48,48,48,46,46,46,46,36,57,50,67,62,62,62,62,40,0],"gold":145,"neow_bonus":"THREE_ENEMY_KILL","is_prod":false,"is_daily":false,"chose_seed":false,"campfire_upgraded":1,"win_rate":0,"timestamp":1613190117,"path_taken":["M","?","?","M","?","E","$","?","T","M","?","?","R","E","R","BOSS","M","?","?","?","M","E"],"build_version":"2020-12-22","purchased_purges":1,"victory":false,"max_hp_per_floor":[68,68,68,68,73,73,73,73,73,73,73,73,73,73,73,73,73,73,73,73,73,73,73],"card_choices":[{"not_picked":["ThirdEye","BowlingBash"],"picked":"SignatureMove","floor":1},{"not_picked":["Crescendo","FearNoEvil"],"picked":"Perseverance","floor":4},{"not_picked":["ThirdEye","InnerPeace","SandsOfTime"],"picked":"SKIP","floor":6},{"not_picked":["ForeignInfluence","BowlingBash"],"picked":"Evaluate","floor":10},{"not_picked":["EmptyBody","Consecrate","FlyingSleeves"],"picked":"SKIP","floor":12},{"not_picked":["FollowUp","Protect","ClearTheMind"],"picked":"SKIP","floor":14},{"not_picked":["WheelKick","FlyingSleeves"],"picked":"DeusExMachina","floor":15},{"not_picked":["MasterReality","SpiritShield"],"picked":"Wish","floor":16},{"not_picked":["ForeignInfluence","JustLucky","Consecrate"],"picked":"SKIP","floor":18},{"not_picked":["WheelKick","Study","Perseverance"],"picked":"SKIP","floor":22}],"player_experience":1290638,"relics_obtained":[{"floor":6,"key":"CaptainsWheel"},{"floor":9,"key":"Akabeko"},{"floor":14,"key":"Dream Catcher"}],"event_choices":[{"damage_healed":0,"gold_gain":0,"player_choice":"Success","damage_taken":18,"relics_obtained":["Incense Burner"],"max_hp_gain":0,"max_hp_loss":0,"event_name":"Scrap Ooze","floor":2,"gold_loss":0},{"damage_healed":0,"gold_gain":0,"player_choice":"Take Wound","damage_taken":0,"relics_obtained":["Golden Idol"],"max_hp_gain":0,"max_hp_loss":0,"event_name":"Golden Idol","floor":3,"gold_loss":0,"cards_obtained":["Injury"]},{"damage_healed":0,"gold_gain":0,"player_choice":"Donut","damage_taken":0,"max_hp_gain":5,"max_hp_loss":0,"event_name":"Big Fish","floor":5,"gold_loss":0},{"damage_healed":0,"gold_gain":0,"cards_transformed":["Strike_P"],"player_choice":"Change","damage_taken":0,"max_hp_gain":0,"max_hp_loss":0,"event_name":"Living Wall","floor":8,"gold_loss":0,"cards_obtained":["CarveReality"]},{"damage_healed":0,"gold_gain":0,"player_choice":"Gave Idol","damage_taken":0,"relics_obtained":["Bloody Idol"],"max_hp_gain":0,"max_hp_loss":0,"event_name":"Forgotten Altar","floor":19,"relics_lost":["Golden Idol"],"gold_loss":0},{"damage_healed":0,"gold_gain":0,"player_choice":"Read","damage_taken":0,"max_hp_gain":0,"max_hp_loss":0,"event_name":"The Library","floor":20,"gold_loss":0,"cards_obtained":["WreathOfFlame"]},{"damage_healed":0,"gold_gain":0,"player_choice":"Obtained Relic","damage_taken":0,"relics_obtained":["Girya"],"max_hp_gain":0,"max_hp_loss":0,"event_name":"Addict","floor":21,"gold_loss":85}],"is_beta":false,"boss_relics":[{"not_picked":["SlaversCollar","Pandora\u0027s Box"],"picked":"Snecko Eye"}],"items_purged_floors":[7],"is_endless":false,"potions_floor_spawned":[1,4,14,16,22],"killed_by":"Slavers","ascension_level":14}