{"gold_per_floor":[114,32,32,45,45,45,45,59,114,114,33,33,33],"floor_reached":13,"playtime":322,"items_purged":[],"score":138,"play_id":"dd8ab6e0-c02d-484d-8ce6-f88f4c76387b","local_time":"20210211144229","is_ascension_mode":true,"campfire_choices":[{"data":"Eruption","floor":7,"key":"SMITH"},{"data":"WreathOfFlame","floor":10,"key":"SMITH"},{"data":"SignatureMove","floor":12,"key":"SMITH"}],"neow_cost":"NONE","seed_source_timestamp":2325848127187000,"circlet_count":0,"master_deck":["AscendersBane","Strike_P","Strike_P","Strike_P","Strike_P","Defend_P","Defend_P","Defend_P","Defend_P","Eruption+1","Vigilance","MentalFortress","Wallop","WreathOfFlame+1","SignatureMove+1"],"relics":["PureWater","Anchor","Bag of Marbles","Toy Ornithopter"],"potions_floor_usage":[6],"damage_taken":[{"damage":9,"enemies":"Jaw Worm","floor":1,"turns":2},{"damage":4,"enemies":"Cultist","floor":4,"turns":5},{"damage":0,"enemies":"Lagavulin","floor":6,"turns":3},{"damage":1,"enemies":"Small Slimes","floor":8,"turns":2},{"damage":48,"enemies":"3 Sentries","floor":13,"turns":8}],"seed_played":"3007915258488619350","potions_obtained":[{"floor":4,"key":"SmokeBomb"}],"is_trial":false,"path_per_floor":["M","$","?","M","$","E","R","M","T","R","$","R","E"],"character_chosen":"WATCHER","items_purchased":["Wallop","Consecrate","SignatureMove"],"campfire_rested":0,"item_purchase_floors":[2,2,11],"current_hp_per_floor":[52,52,52,48,48,48,48,47,47,47,47,47,0],"gold":33,"neow_bonus":"RANDOM_COMMON_RELIC","is_prod":false,"is_daily":false,"chose_seed":false,"campfire_upgraded":3,"win_rate":0,"timestamp":1613072549,"path_taken":["M","$","?","?","$","E","R","?","T","R","?","R","E"],"build_version":"2020-12-22","purchased_purges":0,"victory":false,"max_hp_per_floor":[68,68,68,68,68,68,68,68,68,68,68,68,68],"card_choices":[{"not_picked":["SashWhip","JustLucky"],"picked":"MentalFortress","floor":1},{"not_picked":["PathToVictory","Evaluate"],"picked":"WreathOfFlame","floor":4},{"not_picked":["FollowUp","PathToVictory","ClearTheMind"],"picked":"SKIP","floor":8}],"player_experience":1287056,"relics_obtained":[{"floor":9,"key":"Toy Ornithopter"}],"event_choices":[{"cards_removed":["Consecrate"],"damage_healed":0,"gold_gain":0,"player_choice":"Gave Card","damage_taken":0,"relics_obtained":["Bag of Marbles"],"max_hp_gain":0,"max_hp_loss":0,"event_name":"WeMeetAgain","floor":3,"gold_loss":0}],"is_beta":false,"boss_relics":[],"items_purged_floors":[],"is_endless":false,"potions_floor_spawned":[4],"killed_by":"3 Sentries","ascension_level":14}