{"gold_per_floor":[110,110,110,110,110,110,154,154,154,177,210,285,309,332,332,332],"floor_reached":16,"playtime":341,"items_purged":[],"score":219,"play_id":"02124190-ded4-4f73-bcdd-8ef94534f3d5","local_time":"20210211133228","is_ascension_mode":true,"campfire_choices":[{"data":"EmptyFist","floor":6,"key":"SMITH"},{"data":"Vigilance","floor":8,"key":"SMITH"},{"data":"WaveOfTheHand","floor":15,"key":"SMITH"}],"neow_cost":"NONE","seed_source_timestamp":2321626936647800,"circlet_count":0,"master_deck":["AscendersBane","Strike_P","Strike_P","Strike_P","Strike_P","Defend_P","Defend_P","Defend_P","Defend_P","Eruption+1","Vigilance+1","EmptyFist+1","Injury","WaveOfTheHand+1","Adaptation","Indignation"],"relics":["PureWater","NeowsBlessing","Damaru","Golden Idol","TungstenRod","Torii","Potion Belt"],"potions_floor_usage":[14],"damage_taken":[{"damage":0,"enemies":"Jaw Worm","floor":1,"turns":1},{"damage":0,"enemies":"Lagavulin","floor":7,"turns":1},{"damage":0,"enemies":"Cultist","floor":10,"turns":1},{"damage":41,"enemies":"Gremlin Nob","floor":11,"turns":5},{"damage":0,"enemies":"2 Louse","floor":13,"turns":2},{"damage":10,"enemies":"Exordium Thugs","floor":14,"turns":4},{"damage":5,"enemies":"Hexaghost","floor":16,"turns":7}],"seed_played":"3437119666261246240","potions_obtained":[{"floor":13,"key":"SteroidPotion"},{"floor":14,"key":"Dexterity Potion"}],"is_trial":false,"path_per_floor":["M","?","$","T","?","R","E","R","T","M","E","?","M","M","R","B"],"character_chosen":"WATCHER","items_purchased":[],"campfire_rested":0,"item_purchase_floors":[],"current_hp_per_floor":[65,65,65,65,65,65,65,65,65,65,24,14,14,4,4,0],"gold":332,"neow_bonus":"THREE_ENEMY_KILL","is_prod":false,"is_daily":false,"chose_seed":false,"campfire_upgraded":3,"win_rate":0,"timestamp":1613068348,"path_taken":["M","?","$","?","?","R","E","R","T","M","E","?","M","M","R","BOSS"],"build_version":"2020-12-22","purchased_purges":0,"victory":false,"max_hp_per_floor":[72,72,72,72,72,72,72,72,72,72,72,72,72,72,72,72],"card_choices":[{"not_picked":["Evaluate","CrushJoints"],"picked":"EmptyFist","floor":1},{"not_picked":["BattleHymn","CarveReality"],"picked":"WaveOfTheHand","floor":7},{"not_picked":["CutThroughFate","InnerPeace"],"picked":"Adaptation","floor":10},{"not_picked":["SandsOfTime","Protect"],"picked":"Indignation","floor":11},{"not_picked":["Crescendo","ClearTheMind","ForeignInfluence"],"picked":"SKIP","floor":13},{"not_picked":["Crescendo","Worship","Wish"],"picked":"SKIP","floor":14}],"player_experience":1284460,"relics_obtained":[{"floor":4,"key":"Damaru"},{"floor":7,"key":"TungstenRod"},{"floor":9,"key":"Torii"},{"floor":11,"key":"Potion Belt"}],"event_choices":[{"damage_healed":0,"gold_gain":0,"player_choice":"Upgraded","damage_taken":0,"max_hp_gain":0,"max_hp_loss":0,"event_name":"Upgrade Shrine","floor":2,"gold_loss":0,"cards_upgraded":["Eruption"]},{"damage_healed":0,"gold_gain":0,"player_choice":"Take Wound","damage_taken":0,"relics_obtained":["Golden Idol"],"max_hp_gain":0,"max_hp_loss":0,"event_name":"Golden Idol","floor":5,"gold_loss":0,"cards_obtained":["Injury"]},{"damage_healed":0,"gold_gain":75,"player_choice":"Gather Gold","damage_taken":11,"max_hp_gain":0,"max_hp_loss":0,"event_name":"World of Goop","floor":12,"gold_loss":0}],"is_beta":false,"boss_relics":[],"items_purged_floors":[],"is_endless":false,"potions_floor_spawned":[13,14],"killed_by":"Hexaghost","ascension_level":13}