{"gold_per_floor":[115,115,131,281,294,294,142,142,142,171,96,96,113,131,131,206,206,216,141,191,208,208,208,237,237,261,273,273,273,293,218,218,295,295,306,83,83,83,83,98,108,108],"floor_reached":42,"playtime":1141,"items_purged":["Strike_P"],"score":768,"play_id":"b039b393-dd62-4f19-a4e1-8ea8bb1d4043","local_time":"20210319003038","is_ascension_mode":true,"campfire_choices":[{"data":"Doubt","floor":6,"key":"PURGE"},{"data":"Strike_P","floor":8,"key":"PURGE"},{"data":"Alpha","floor":15,"key":"SMITH"},{"floor":23,"key":"REST"},{"floor":25,"key":"REST"},{"floor":29,"key":"REST"},{"data":"Pain","floor":32,"key":"PURGE"}],"neow_cost":"TEN_PERCENT_HP_LOSS","seed_source_timestamp":46197302666100,"circlet_count":0,"master_deck":["AscendersBane","Defend_P","Defend_P","Defend_P","Eruption","Vigilance","Prostrate","Conclude","Alpha+1","Blasphemy","EmptyFist","Evaluate","Study","Protect","Omniscience","Protect","WheelKick","DeusExMachina","Wireheading"],"relics":["PureWater","Peace Pipe","Orrery","Happy Flower","Mercury Hourglass","Busted Crown","Sundial","Ancient Tea Set","WarpedTongs","SlaversCollar","Potion Belt","Omamori"],"potions_floor_usage":[16,16,35,40,42],"damage_taken":[{"damage":0,"enemies":"Jaw Worm","floor":1,"turns":3},{"damage":0,"enemies":"2 Louse","floor":3,"turns":3},{"damage":1,"enemies":"Small Slimes","floor":5,"turns":4},{"damage":27,"enemies":"Lagavulin","floor":10,"turns":6},{"damage":0,"enemies":"3 Louse","floor":13,"turns":2},{"damage":0,"enemies":"2 Fungi Beasts","floor":14,"turns":3},{"damage":7,"enemies":"Hexaghost","floor":16,"turns":5},{"damage":18,"enemies":"Spheric Guardian","floor":18,"turns":4},{"damage":6,"enemies":"Shell Parasite","floor":21,"turns":3},{"damage":27,"enemies":"Book of Stabbing","floor":24,"turns":4},{"damage":17,"enemies":"Snake Plant","floor":27,"turns":4},{"damage":7,"enemies":"Snecko","floor":30,"turns":3},{"damage":23,"enemies":"Automaton","floor":33,"turns":7},{"damage":2,"enemies":"3 Shapes","floor":35,"turns":5},{"damage":10,"enemies":"Orb Walker","floor":40,"turns":4},{"damage":16,"enemies":"4 Shapes","floor":41,"turns":5},{"damage":43,"enemies":"Transient","floor":42,"turns":3}],"seed_played":"8372222309860952285","potions_obtained":[{"floor":10,"key":"DuplicationPotion"},{"floor":13,"key":"Weak Potion"},{"floor":16,"key":"StancePotion"},{"floor":27,"key":"Swift Potion"},{"floor":33,"key":"Energy Potion"},{"floor":35,"key":"Block Potion"},{"floor":41,"key":"StancePotion"}],"is_trial":false,"path_per_floor":["M","?","M","?","M","R","$","R","T","E","$","?","M","M","R","B",null,"M","?","?","M","?","R","E","R","T","M","?","R","M","$","R","B",null,"M","$","?","$","?","M","M","M"],"character_chosen":"WATCHER","items_purchased":["Orrery","WheelKick","Potion Belt","Wireheading"],"campfire_rested":3,"item_purchase_floors":[7,31,36,36],"current_hp_per_floor":[61,54,54,54,53,53,53,53,53,26,26,26,26,26,26,19,51,33,33,33,27,27,45,18,36,36,19,19,37,30,30,30,7,48,46,46,46,46,46,36,20,0],"gold":108,"neow_bonus":"ONE_RARE_RELIC","is_prod":false,"is_daily":false,"chose_seed":false,"campfire_upgraded":1,"win_rate":0,"timestamp":1616128238,"path_taken":["M","?","M","?","M","R","$","R","T","E","$","?","M","M","R","BOSS","M","?","?","M","?","R","E","R","T","?","?","R","M","$","R","BOSS","M","?","?","$","?","M","?","M"],"build_version":"2020-12-22","purchased_purges":1,"victory":false,"max_hp_per_floor":[62,62,62,62,62,62,62,62,62,62,62,62,62,62,62,62,62,62,62,62,62,62,62,62,62,62,62,62,62,62,62,62,62,62,62,62,62,62,62,62,62,62],"card_choices":[{"not_picked":["Crescendo","ClearTheMind"],"picked":"Prostrate","floor":1},{"not_picked":["DeceiveReality","Protect"],"picked":"SandsOfTime","floor":3},{"not_picked":["FearNoEvil","EmptyBody"],"picked":"Conclude","floor":5},{"not_picked":["CutThroughFate","TalkToTheHand"],"picked":"Alpha","floor":7},{"not_picked":["EmptyBody","Crescendo"],"picked":"Blasphemy","floor":7},{"not_picked":["JustLucky","MentalFortress"],"picked":"EmptyFist","floor":7},{"not_picked":["EmptyFist","FlurryOfBlows"],"picked":"Evaluate","floor":10},{"not_picked":["CutThroughFate","SashWhip"],"picked":"Protect","floor":13},{"not_picked":["Indignation","Evaluate","WindmillStrike"],"picked":"SKIP","floor":14},{"not_picked":["Judgement","ConjureBlade"],"picked":"Omniscience","floor":16},{"not_picked":["CutThroughFate"],"picked":"SKIP","floor":18},{"not_picked":["Sanctity"],"picked":"SKIP","floor":21},{"not_picked":["Fasting2"],"picked":"SKIP","floor":24},{"not_picked":["Vengeance"],"picked":"SKIP","floor":27},{"not_picked":["Collect"],"picked":"SKIP","floor":30},{"not_picked":[],"picked":"DeusExMachina","floor":33},{"not_picked":["Collect"],"picked":"SKIP","floor":35},{"not_picked":["Consecrate"],"picked":"SKIP","floor":40},{"not_picked":["Prostrate"],"picked":"SKIP","floor":41}],"player_experience":1326089,"relics_obtained":[{"floor":9,"key":"Happy Flower"},{"floor":10,"key":"Mercury Hourglass"},{"floor":24,"key":"Sundial"},{"floor":26,"key":"Ancient Tea Set"},{"floor":39,"key":"Omamori"}],"event_choices":[{"cards_removed":["Strike_P"],"damage_healed":0,"gold_gain":0,"player_choice":"Card Removal","damage_taken":7,"max_hp_gain":0,"max_hp_loss":0,"event_name":"Golden Wing","floor":2,"gold_loss":0},{"damage_healed":0,"gold_gain":150,"player_choice":"AGREE","damage_taken":0,"max_hp_gain":0,"max_hp_loss":0,"event_name":"Liars Game","floor":4,"gold_loss":0,"cards_obtained":["Doubt"]},{"damage_healed":0,"gold_gain":0,"cards_transformed":["Strike_P"],"player_choice":"Change","damage_taken":0,"max_hp_gain":0,"max_hp_loss":0,"event_name":"Living Wall","floor":12,"gold_loss":0,"cards_obtained":["Study"]},{"cards_removed":["Defend_P"],"damage_healed":0,"gold_gain":0,"player_choice":"Gave Gold","damage_taken":0,"max_hp_gain":0,"max_hp_loss":0,"event_name":"Beggar","floor":19,"gold_loss":75},{"damage_healed":0,"gold_gain":50,"player_choice":"Stole From Cult","damage_taken":0,"max_hp_gain":0,"max_hp_loss":0,"event_name":"Nest","floor":20,"gold_loss":0},{"damage_healed":0,"gold_gain":0,"player_choice":"Copied","damage_taken":0,"max_hp_gain":0,"max_hp_loss":0,"event_name":"Duplicator","floor":22,"gold_loss":0,"cards_obtained":["Protect"]},{"damage_healed":0,"gold_gain":0,"player_choice":"Rummage","damage_taken":0,"relics_obtained":["WarpedTongs"],"max_hp_gain":0,"max_hp_loss":0,"event_name":"Accursed Blacksmith","floor":28,"gold_loss":0,"cards_obtained":["Pain"]},{"cards_removed":["SandsOfTime"],"damage_healed":0,"gold_gain":0,"player_choice":"Removed Attack","damage_taken":0,"max_hp_gain":0,"max_hp_loss":0,"event_name":"Falling","floor":37,"gold_loss":0},{"damage_healed":0,"gold_gain":0,"player_choice":"Relic","damage_taken":0,"max_hp_gain":0,"max_hp_loss":0,"event_name":"Wheel of Change","floor":39,"gold_loss":0}],"is_beta":false,"boss_relics":[{"not_picked":["Empty Cage","Pandora\u0027s Box"],"picked":"Busted Crown"},{"not_picked":["Velvet Choker","Tiny House"],"picked":"SlaversCollar"}],"items_purged_floors":[11],"is_endless":false,"potions_floor_spawned":[10,13,16,27,33,35,41],"killed_by":"Transient","ascension_level":15}