{"gold_per_floor":[118,83,10,25,25,68,68,112,187,187],"floor_reached":10,"playtime":610,"items_purged":[],"score":130,"play_id":"29121ddd-6cdc-45cc-a411-24aeab1f4032","local_time":"20210326133250","is_ascension_mode":true,"campfire_choices":[{"data":"Eruption","floor":7,"key":"SMITH"}],"neow_cost":"PERCENT_DAMAGE","seed_source_timestamp":295958962774400,"circlet_count":0,"master_deck":["AscendersBane","Strike_P","Strike_P","Strike_P","Strike_P","Defend_P","Defend_P","Defend_P","Defend_P","Eruption+1","Vigilance","EmptyFist","Worship","Sanctity","Tantrum"],"relics":["PureWater","Golden Idol","Bronze Scales","Smiling Mask","Pantograph"],"potions_floor_usage":[8,10],"damage_taken":[{"damage":3,"enemies":"2 Louse","floor":1,"turns":4},{"damage":7,"enemies":"Small Slimes","floor":4,"turns":5},{"damage":24,"enemies":"Gremlin Nob","floor":6,"turns":4},{"damage":11,"enemies":"Lagavulin","floor":8,"turns":5},{"damage":59,"enemies":"Gremlin Nob","floor":10,"turns":3}],"seed_played":"3390165749646720736","potions_obtained":[{"floor":4,"key":"Weak Potion"},{"floor":8,"key":"Strength Potion"}],"is_trial":false,"path_per_floor":["M","?","$","M","?","E","R","E","T","E"],"character_chosen":"WATCHER","items_purchased":["Worship"],"campfire_rested":0,"item_purchase_floors":[3],"current_hp_per_floor":[52,72,72,65,65,41,41,30,30,0],"gold":187,"neow_bonus":"TWENTY_PERCENT_HP_BONUS","is_prod":false,"is_daily":false,"chose_seed":false,"campfire_upgraded":1,"win_rate":0,"timestamp":1616779970,"path_taken":["M","?","$","M","?","E","R","E","T","E"],"build_version":"2020-12-22","purchased_purges":0,"victory":false,"max_hp_per_floor":[80,80,80,80,72,72,72,72,72,72],"card_choices":[{"not_picked":["SashWhip","CutThroughFate"],"picked":"EmptyFist","floor":1},{"not_picked":["Halt","ThirdEye"],"picked":"Sanctity","floor":4},{"not_picked":["Perseverance","Crescendo","Weave"],"picked":"SKIP","floor":6},{"not_picked":["Worship","EmptyMind"],"picked":"Tantrum","floor":8}],"player_experience":1336845,"relics_obtained":[{"floor":6,"key":"Bronze Scales"},{"floor":8,"key":"Smiling Mask"},{"floor":9,"key":"Pantograph"}],"event_choices":[{"damage_healed":20,"gold_gain":0,"player_choice":"Healed","damage_taken":0,"max_hp_gain":0,"max_hp_loss":0,"event_name":"The Cleric","floor":2,"gold_loss":35},{"damage_healed":0,"gold_gain":0,"player_choice":"Lose Max HP","damage_taken":0,"relics_obtained":["Golden Idol"],"max_hp_gain":0,"max_hp_loss":8,"event_name":"Golden Idol","floor":5,"gold_loss":0}],"is_beta":false,"boss_relics":[],"items_purged_floors":[],"is_endless":false,"potions_floor_spawned":[4,8],"killed_by":"Gremlin Nob","ascension_level":15}