{"gold_per_floor":[115,28,41,41,55,85,35,35,35,54,54,54,129,129,129,206,206,219,65,65,83,83],"floor_reached":22,"playtime":607,"items_purged":[],"score":319,"play_id":"16d434cd-047d-4811-95c3-0ac677ee9a47","local_time":"20210327220541","is_ascension_mode":true,"campfire_choices":[{"floor":8,"key":"REST"},{"data":"Eruption","floor":11,"key":"SMITH"},{"data":"Tantrum","floor":15,"key":"SMITH"}],"neow_cost":"NONE","seed_source_timestamp":31306263713800,"circlet_count":0,"master_deck":["AscendersBane","Strike_P","Strike_P","Strike_P","Strike_P","Defend_P","Defend_P","Defend_P","Defend_P","Eruption+1","Vigilance","LikeWater","Tantrum+1","Evaluate","Consecrate","Swivel","Wallop","Halt","DeusExMachina","FollowUp"],"relics":["Black Star","Eternal Feather","Ornamental Fan","Kunai","Shuriken","Philosopher\u0027s Stone","CeramicFish","FaceOfCleric"],"potions_floor_usage":[6,16,18,22],"damage_taken":[{"damage":2,"enemies":"Cultist","floor":1,"turns":3},{"damage":16,"enemies":"2 Louse","floor":3,"turns":2},{"damage":2,"enemies":"Jaw Worm","floor":5,"turns":4},{"damage":34,"enemies":"Lagavulin","floor":6,"turns":5},{"damage":12,"enemies":"Lots of Slimes","floor":10,"turns":3},{"damage":22,"enemies":"Slime Boss","floor":16,"turns":10},{"damage":38,"enemies":"2 Thieves","floor":18,"turns":4},{"damage":0,"enemies":"Spheric Guardian","floor":21,"turns":2},{"damage":23,"enemies":"Centurion and Healer","floor":22,"turns":4}],"seed_played":"3799483180357662285","potions_obtained":[{"floor":1,"key":"PowerPotion"},{"floor":10,"key":"Weak Potion"},{"floor":16,"key":"AttackPotion"},{"floor":21,"key":"SkillPotion"}],"is_trial":false,"path_per_floor":["M","$","M","T","M","E","$","R","T","M","R","$","?","?","R","B",null,"M","$","?","M","M"],"character_chosen":"WATCHER","items_purchased":["Tantrum","Evaluate","Halt","CeramicFish"],"campfire_rested":1,"item_purchase_floors":[2,2,7,19],"current_hp_per_floor":[59,59,43,43,41,7,7,36,36,24,33,33,22,22,31,9,53,15,15,15,16,0],"gold":83,"neow_bonus":"BOSS_RELIC","is_prod":false,"is_daily":false,"chose_seed":false,"campfire_upgraded":2,"win_rate":0,"timestamp":1616897141,"path_taken":["M","$","M","?","M","E","?","R","T","?","R","$","?","?","R","BOSS","M","$","?","?","M"],"build_version":"2020-12-22","purchased_purges":0,"victory":false,"max_hp_per_floor":[68,68,68,68,68,68,68,68,68,68,68,68,68,68,68,68,68,68,68,68,69,69],"card_choices":[{"not_picked":["JustLucky","Protect"],"picked":"LikeWater","floor":1},{"not_picked":["CutThroughFate","ForeignInfluence"],"picked":"Consecrate","floor":3},{"not_picked":["CrushJoints","Consecrate"],"picked":"Swivel","floor":5},{"not_picked":["CutThroughFate","Study"],"picked":"Wallop","floor":6},{"not_picked":["CarveReality","Nirvana","Vault"],"picked":"SKIP","floor":10},{"not_picked":["ConjureBlade","Ragnarok"],"picked":"DeusExMachina","floor":16},{"not_picked":["FearNoEvil","JustLucky"],"picked":"FollowUp","floor":18},{"not_picked":["WindmillStrike","CutThroughFate+1","ClearTheMind"],"picked":"SKIP","floor":21}],"player_experience":1341131,"relics_obtained":[{"floor":4,"key":"Eternal Feather"},{"floor":6,"key":"Ornamental Fan"},{"floor":6,"key":"Kunai"},{"floor":9,"key":"Shuriken"}],"event_choices":[{"damage_healed":0,"gold_gain":75,"player_choice":"Gather Gold","damage_taken":11,"max_hp_gain":0,"max_hp_loss":0,"event_name":"World of Goop","floor":13,"gold_loss":0},{"damage_healed":0,"gold_gain":0,"player_choice":"Ignored","damage_taken":0,"max_hp_gain":0,"max_hp_loss":0,"event_name":"Golden Wing","floor":14,"gold_loss":0},{"damage_healed":0,"gold_gain":0,"player_choice":"Trade","damage_taken":0,"relics_obtained":["FaceOfCleric"],"max_hp_gain":0,"max_hp_loss":0,"event_name":"FaceTrader","floor":20,"gold_loss":0}],"is_beta":false,"boss_relics":[{"not_picked":["Snecko Eye","Velvet Choker"],"picked":"Philosopher\u0027s Stone"}],"items_purged_floors":[],"is_endless":false,"potions_floor_spawned":[1,10,16,21],"killed_by":"Centurion and Healer","ascension_level":15}