{"gold_per_floor":[113,124,124,85,85,134,134,178,203,203,221,221,254,283,283,388,388,415,437,462,507,507,516,516,566,590,590],"floor_reached":27,"playtime":764,"items_purged":[],"score":504,"play_id":"2c2a49d2-0925-4f42-8ce3-3707533ab326","local_time":"20210426123246","is_ascension_mode":true,"campfire_choices":[{"data":"Eruption","floor":10,"key":"SMITH"},{"data":"Consecrate","floor":12,"key":"SMITH"},{"data":"BowlingBash","floor":15,"key":"SMITH"},{"data":"Ragnarok","floor":24,"key":"SMITH"}],"neow_cost":"NONE","seed_source_timestamp":37510326359400,"circlet_count":0,"master_deck":["AscendersBane","Defend_P","Defend_P","Defend_P","Eruption+1","Vigilance","BowlingBash+1","Consecrate+1","FearNoEvil","Vengeance","SpiritShield","SashWhip","ForeignInfluence","Ragnarok+1","Evaluate+1","Adaptation","Halt","Bite","Bite","Bite","Bite","Bite","Pray","LikeWater"],"relics":["HolyWater","NeowsBlessing","Golden Idol","CeramicFish","Eternal Feather","Strawberry","Toy Ornithopter","Centennial Puzzle"],"potions_floor_usage":[8,16,16,27],"damage_taken":[{"damage":0,"enemies":"2 Louse","floor":1,"turns":2},{"damage":0,"enemies":"Cultist","floor":2,"turns":1},{"damage":0,"enemies":"3 Sentries","floor":6,"turns":1},{"damage":27,"enemies":"Lagavulin","floor":8,"turns":4},{"damage":7,"enemies":"Jaw Worm","floor":11,"turns":3},{"damage":7,"enemies":"Looter","floor":13,"turns":3},{"damage":0,"enemies":"Large Slime","floor":14,"turns":3},{"damage":33,"enemies":"Slime Boss","floor":16,"turns":8},{"damage":14,"enemies":"Shell Parasite","floor":18,"turns":3},{"damage":12,"enemies":"2 Thieves","floor":19,"turns":3},{"damage":12,"enemies":"Cultist and Chosen","floor":20,"turns":4},{"damage":36,"enemies":"Gremlin Leader","floor":25,"turns":6},{"damage":36,"enemies":"Slavers","floor":27,"turns":3}],"seed_played":"-6162072721266562064","potions_obtained":[{"floor":2,"key":"DuplicationPotion"},{"floor":3,"key":"DuplicationPotion"},{"floor":11,"key":"SkillPotion"},{"floor":19,"key":"Fire Potion"}],"is_trial":false,"path_per_floor":["M","M","?","$","?","E","?","E","T","R","M","R","M","M","R","B",null,"M","M","M","?","?","?","R","E","T","E"],"character_chosen":"WATCHER","items_purchased":["FearNoEvil"],"campfire_rested":0,"item_purchase_floors":[4],"current_hp_per_floor":[61,61,61,61,61,61,61,34,41,50,43,52,45,45,54,21,62,48,36,24,24,34,34,46,18,18,0],"gold":590,"neow_bonus":"THREE_ENEMY_KILL","is_prod":false,"is_daily":false,"chose_seed":false,"campfire_upgraded":4,"win_rate":0,"timestamp":1619454766,"path_taken":["M","M","?","?","?","E","?","E","T","R","M","R","?","M","R","BOSS","M","M","M","?","?","?","R","E","T","E"],"build_version":"2020-12-22","purchased_purges":0,"victory":false,"max_hp_per_floor":[68,68,68,68,68,68,68,68,75,75,75,75,75,75,75,75,75,75,75,75,52,52,52,52,52,52,52],"card_choices":[{"not_picked":["ThirdEye","Nirvana"],"picked":"BowlingBash","floor":1},{"not_picked":["FlurryOfBlows","EmptyBody"],"picked":"Consecrate","floor":2},{"not_picked":["EmptyFist","ClearTheMind"],"picked":"Vengeance","floor":6},{"not_picked":["CutThroughFate","Crescendo"],"picked":"SpiritShield","floor":8},{"not_picked":["FlurryOfBlows","ThirdEye","Consecrate"],"picked":"SKIP","floor":11},{"not_picked":["CutThroughFate","EmptyBody"],"picked":"SashWhip","floor":13},{"not_picked":["Protect","Prostrate"],"picked":"ForeignInfluence","floor":14},{"not_picked":["Devotion","DeusExMachina"],"picked":"Ragnarok","floor":16},{"not_picked":["Meditate","Study"],"picked":"Evaluate+1","floor":18},{"not_picked":["Crescendo","Evaluate"],"picked":"Adaptation","floor":19},{"not_picked":["JustLucky","FollowUp"],"picked":"Halt","floor":20},{"not_picked":["ClearTheMind","Prostrate"],"picked":"LikeWater","floor":25}],"player_experience":1393086,"relics_obtained":[{"floor":6,"key":"CeramicFish"},{"floor":8,"key":"Eternal Feather"},{"floor":9,"key":"Strawberry"},{"floor":25,"key":"Toy Ornithopter"},{"floor":26,"key":"Centennial Puzzle"}],"event_choices":[{"damage_healed":0,"gold_gain":0,"player_choice":"Got Potions","damage_taken":0,"max_hp_gain":0,"max_hp_loss":0,"event_name":"Lab","floor":3,"gold_loss":0},{"damage_healed":0,"gold_gain":0,"player_choice":"Take Wound","damage_taken":0,"relics_obtained":["Golden Idol"],"max_hp_gain":0,"max_hp_loss":0,"event_name":"Golden Idol","floor":5,"gold_loss":0,"cards_obtained":["Injury"]},{"cards_removed":["Injury"],"damage_healed":0,"gold_gain":0,"player_choice":"Removed Curses","damage_taken":0,"max_hp_gain":0,"max_hp_loss":0,"event_name":"Fountain of Cleansing","floor":7,"gold_loss":0},{"damage_healed":0,"gold_gain":0,"player_choice":"Became a vampire","damage_taken":0,"max_hp_gain":0,"max_hp_loss":23,"event_name":"Vampires","floor":21,"gold_loss":0,"cards_obtained":["Bite","Bite","Bite","Bite","Bite"]},{"damage_healed":10,"gold_gain":0,"player_choice":"Heal","damage_taken":0,"max_hp_gain":0,"max_hp_loss":0,"event_name":"The Library","floor":22,"gold_loss":0},{"damage_healed":0,"gold_gain":0,"cards_transformed":["Defend_P"],"player_choice":"Transformed","damage_taken":0,"max_hp_gain":0,"max_hp_loss":0,"event_name":"Transmorgrifier","floor":23,"gold_loss":0,"cards_obtained":["Pray"]}],"is_beta":false,"boss_relics":[{"not_picked":["Sozu","Velvet Choker"],"picked":"HolyWater"}],"items_purged_floors":[],"is_endless":false,"potions_floor_spawned":[2,6,11,13,19],"killed_by":"Slavers","ascension_level":16}