{"gold_per_floor":[109,109,126,226,246,246,280,280,361,380,434,498,498,517,517,596,596,581,581,581,198,198,198,198,198,198,198,198,198,198,198,198,198,198,198,198,198,198,198,198,198,198,198,198,198,198,198,33,33,33],"floor_reached":51,"playtime":1752,"items_purged":[],"score":1616,"play_id":"ca8fe589-6bec-4585-888d-959217bd7e06","local_time":"20210426232314","is_ascension_mode":true,"campfire_choices":[{"data":"Eruption","floor":6,"key":"SMITH"},{"data":"BowlingBash","floor":8,"key":"SMITH"},{"floor":13,"key":"REST"},{"data":"SpiritShield","floor":15,"key":"SMITH"},{"floor":25,"key":"REST"},{"floor":32,"key":"REST"},{"floor":40,"key":"REST"},{"floor":45,"key":"REST"},{"floor":47,"key":"REST"},{"data":"Apotheosis","floor":49,"key":"SMITH"}],"neow_cost":"PERCENT_DAMAGE","seed_source_timestamp":75542376414900,"circlet_count":0,"master_deck":["AscendersBane","Strike_P","Strike_P","Strike_P","Strike_P","Defend_P","Defend_P","Defend_P","Defend_P","Eruption+1","Vigilance","MasterReality","DeceiveReality","BowlingBash+1","FlurryOfBlows","CarveReality","Conclude","SpiritShield+1","DeusExMachina","RitualDagger","Prostrate+1","Apotheosis+1","EmptyMind","Wallop","Meditate+1","WheelKick","ForeignInfluence+1","Scrawl","Enlightenment","CarveReality+1","FollowUp+1","FlurryOfBlows+1"],"relics":["PureWater","Pen Nib","Shuriken","Ancient Tea Set","Ectoplasm","Vajra","GremlinMask","Mango","FossilizedHelix","Akabeko","Red Mask","Black Star","WingedGreaves","Unceasing Top","Molten Egg 2","Question Card","InkBottle","Du-Vu Doll","GoldenEye","TeardropLocket","Ginger","Lee\u0027s Waffle"],"potions_floor_usage":[7,16,27,38,50],"damage_taken":[{"damage":9,"enemies":"Jaw Worm","floor":1,"turns":4},{"damage":2,"enemies":"Small Slimes","floor":3,"turns":7},{"damage":0,"enemies":"Cultist","floor":5,"turns":3},{"damage":18,"enemies":"Gremlin Nob","floor":7,"turns":4},{"damage":1,"enemies":"2 Fungi Beasts","floor":10,"turns":3},{"damage":10,"enemies":"3 Sentries","floor":12,"turns":4},{"damage":0,"enemies":"3 Louse","floor":14,"turns":3},{"damage":11,"enemies":"The Guardian","floor":16,"turns":10},{"damage":3,"enemies":"2 Thieves","floor":18,"turns":2},{"damage":0,"enemies":"Spheric Guardian","floor":20,"turns":3},{"damage":40,"enemies":"Book of Stabbing","floor":23,"turns":6},{"damage":24,"enemies":"Snecko","floor":24,"turns":3},{"damage":0,"enemies":"Gremlin Leader","floor":27,"turns":3},{"damage":0,"enemies":"Masked Bandits","floor":28,"turns":4},{"damage":0,"enemies":"Shelled Parasite and Fungi","floor":29,"turns":4},{"damage":6,"enemies":"3 Cultists","floor":30,"turns":3},{"damage":0,"enemies":"Collector","floor":33,"turns":5},{"damage":0,"enemies":"3 Shapes","floor":35,"turns":3},{"damage":44,"enemies":"2 Orb Walkers","floor":38,"turns":7},{"damage":0,"enemies":"Mind Bloom Boss Battle","floor":41,"turns":3},{"damage":0,"enemies":"Reptomancer","floor":42,"turns":3},{"damage":38,"enemies":"Nemesis","floor":44,"turns":5},{"damage":0,"enemies":"Giant Head","floor":46,"turns":4},{"damage":29,"enemies":"Donu and Deca","floor":50,"turns":6}],"seed_played":"2062690420905591928","potions_obtained":[{"floor":5,"key":"Swift Potion"},{"floor":7,"key":"Swift Potion"},{"floor":24,"key":"ColorlessPotion"},{"floor":27,"key":"Block Potion"},{"floor":28,"key":"Ancient Potion"},{"floor":29,"key":"Fire Potion"},{"floor":38,"key":"BlessingOfTheForge"}],"is_trial":false,"path_per_floor":["M","?","M","?","M","R","E","R","T","M","?","?","R","M","R","B",null,"M","?","M","$","?","E","M","R","T","E","?","M","M","?","R","B",null,"M","?","?","?","?","R","?","E","T","E","R","E","R","$","R","B",null],"character_chosen":"WATCHER","items_purchased":["Apotheosis","Vajra","Lee\u0027s Waffle"],"campfire_rested":6,"item_purchase_floors":[21,21,48],"current_hp_per_floor":[34,56,54,54,54,54,36,36,36,35,35,25,45,45,45,34,60,57,51,51,51,51,25,1,25,25,25,25,25,19,10,34,34,70,70,70,70,26,26,50,50,50,50,12,36,36,60,89,89,60],"gold":33,"neow_bonus":"THREE_RARE_CARDS","is_prod":false,"is_daily":false,"chose_seed":false,"campfire_upgraded":4,"win_rate":0,"timestamp":1619493794,"path_taken":["M","?","M","?","M","R","E","R","T","?","?","?","R","M","R","BOSS","M","?","M","$","?","E","?","R","T","E","?","M","M","?","R","BOSS","M","?","?","?","?","R","?","E","T","E","R","E","R","$","R","BOSS"],"build_version":"2020-12-22","purchased_purges":0,"victory":true,"max_hp_per_floor":[68,68,68,68,68,68,68,68,68,68,68,68,68,68,68,68,68,68,68,68,68,68,82,82,82,82,82,82,82,82,82,82,82,82,82,82,82,82,82,82,82,82,82,82,82,82,82,89,89,89],"card_choices":[{"not_picked":["Ragnarok","Wish"],"picked":"MasterReality","floor":0},{"not_picked":["FollowUp","EmptyBody"],"picked":"DeceiveReality","floor":1},{"not_picked":["CutThroughFate","EmptyBody"],"picked":"BowlingBash","floor":3},{"not_picked":["Evaluate","Wireheading"],"picked":"EmptyFist","floor":5},{"not_picked":["DeceiveReality","Prostrate"],"picked":"FlurryOfBlows","floor":7},{"not_picked":["Halt","Brilliance"],"picked":"CarveReality","floor":10},{"not_picked":["PathToVictory","EmptyFist"],"picked":"Conclude","floor":12},{"not_picked":["Indignation","ThirdEye"],"picked":"SpiritShield","floor":14},{"not_picked":["Ragnarok","Alpha"],"picked":"DeusExMachina","floor":16},{"not_picked":["FlyingSleeves","Protect","Consecrate"],"picked":"SKIP","floor":18},{"not_picked":["SandsOfTime","CrushJoints"],"picked":"Prostrate+1","floor":20},{"not_picked":["ThirdEye+1","FlyingSleeves"],"picked":"EmptyMind","floor":23},{"not_picked":["BowlingBash","Sanctity+1"],"picked":"Wallop","floor":24},{"not_picked":["Pray","SashWhip"],"picked":"Meditate+1","floor":27},{"not_picked":["Vault","Pray"],"picked":"WheelKick","floor":28},{"not_picked":["Halt","FearNoEvil"],"picked":"ForeignInfluence+1","floor":29},{"not_picked":["WheelKick","ClearTheMind","Sanctity"],"picked":"SKIP","floor":30},{"not_picked":["Judgement","Ragnarok"],"picked":"Scrawl","floor":33},{"not_picked":["Halt","CutThroughFate","EmptyFist"],"picked":"SKIP","floor":35},{"not_picked":["Dark Shackles","Jack Of All Trades"],"picked":"Enlightenment","floor":36},{"not_picked":["Indignation","Consecrate+1"],"picked":"CarveReality+1","floor":42},{"not_picked":["Halt","ThirdEye+1","WaveOfTheHand"],"picked":"FollowUp+1","floor":44},{"not_picked":["ThirdEye","SashWhip+1","Fasting2"],"picked":"FlurryOfBlows+1","floor":46}],"player_experience":1395417,"relics_obtained":[{"floor":7,"key":"Pen Nib"},{"floor":9,"key":"Shuriken"},{"floor":12,"key":"Ancient Tea Set"},{"floor":23,"key":"Mango"},{"floor":26,"key":"FossilizedHelix"},{"floor":27,"key":"Akabeko"},{"floor":28,"key":"Red Mask"},{"floor":38,"key":"WingedGreaves"},{"floor":41,"key":"Unceasing Top"},{"floor":42,"key":"Molten Egg 2"},{"floor":42,"key":"Question Card"},{"floor":43,"key":"InkBottle"},{"floor":44,"key":"Du-Vu Doll"},{"floor":44,"key":"GoldenEye"},{"floor":46,"key":"TeardropLocket"},{"floor":46,"key":"Ginger"}],"event_choices":[{"damage_healed":22,"gold_gain":0,"player_choice":"Banana","damage_taken":0,"max_hp_gain":0,"max_hp_loss":0,"event_name":"Big Fish","floor":2,"gold_loss":0},{"damage_healed":0,"gold_gain":100,"player_choice":"Gold","damage_taken":0,"max_hp_gain":0,"max_hp_loss":0,"event_name":"Wheel of Change","floor":4,"gold_loss":0},{"damage_healed":0,"gold_gain":54,"player_choice":"Gained Gold","damage_taken":0,"max_hp_gain":0,"max_hp_loss":0,"event_name":"Golden Wing","floor":11,"gold_loss":0},{"damage_healed":0,"gold_gain":30,"player_choice":"Searched \u00272\u0027 times","damage_taken":0,"max_hp_gain":0,"max_hp_loss":0,"event_name":"Dead Adventurer","floor":12,"gold_loss":0},{"damage_healed":0,"gold_gain":0,"player_choice":"Joined the Cult","damage_taken":6,"max_hp_gain":0,"max_hp_loss":0,"event_name":"Nest","floor":19,"gold_loss":0,"cards_obtained":["RitualDagger"]},{"damage_healed":0,"gold_gain":0,"player_choice":"Trade","damage_taken":0,"relics_obtained":["GremlinMask"],"max_hp_gain":0,"max_hp_loss":0,"event_name":"FaceTrader","floor":22,"gold_loss":0},{"damage_healed":0,"gold_gain":0,"player_choice":"Fought Bandits","damage_taken":0,"max_hp_gain":0,"max_hp_loss":0,"event_name":"Masked Bandits","floor":28,"gold_loss":0},{"damage_healed":0,"gold_gain":0,"player_choice":"Stopped","damage_taken":9,"max_hp_gain":0,"max_hp_loss":0,"event_name":"Cursed Tome","floor":31,"gold_loss":0},{"damage_healed":0,"gold_gain":0,"player_choice":"Memory 1","damage_taken":0,"max_hp_gain":0,"max_hp_loss":0,"event_name":"SensoryStone","floor":36,"gold_loss":0},{"damage_healed":0,"gold_gain":0,"player_choice":"Ignored","damage_taken":0,"max_hp_gain":0,"max_hp_loss":0,"event_name":"Tomb of Lord Red Mask","floor":37,"gold_loss":0},{"damage_healed":0,"gold_gain":0,"player_choice":"Fight","damage_taken":0,"max_hp_gain":0,"max_hp_loss":0,"event_name":"Mysterious Sphere","floor":38,"gold_loss":0},{"cards_removed":["EmptyFist"],"damage_healed":0,"gold_gain":0,"player_choice":"Removed Attack","damage_taken":0,"max_hp_gain":0,"max_hp_loss":0,"event_name":"Falling","floor":39,"gold_loss":0},{"damage_healed":0,"gold_gain":0,"player_choice":"Fight","damage_taken":0,"max_hp_gain":0,"max_hp_loss":0,"event_name":"MindBloom","floor":41,"gold_loss":0}],"is_beta":false,"boss_relics":[{"not_picked":["Sozu","Astrolabe"],"picked":"Ectoplasm"},{"not_picked":["Calling Bell","Runic Pyramid"],"picked":"Black Star"}],"items_purged_floors":[],"is_endless":false,"potions_floor_spawned":[5,7,24,27,28,29,33,38,42,44],"ascension_level":16}