{"gold_per_floor":[109,109,124,274,274,274,307,607,630,630,644,644,667,667],"floor_reached":14,"playtime":241,"items_purged":[],"score":215,"play_id":"8d916067-ec36-427d-a8e6-094caadb4b16","local_time":"20210715210529","is_ascension_mode":true,"campfire_choices":[{"data":"Eruption","floor":6,"key":"SMITH"}],"neow_cost":"NONE","seed_source_timestamp":1889463246921200,"circlet_count":0,"master_deck":["AscendersBane","Strike_P","Strike_P","Strike_P","Strike_P","Defend_P","Defend_P","Defend_P","Defend_P","Eruption+1","Vigilance+1","Perseverance+1","Injury","Collect","Doubt","SandsOfTime","MasterReality"],"relics":["PureWater","NeowsBlessing","Golden Idol","Damaru","Old Coin","Toy Ornithopter","Molten Egg 2","Pen Nib"],"potions_floor_usage":[],"damage_taken":[{"damage":0,"enemies":"Cultist","floor":1,"turns":1},{"damage":0,"enemies":"Small Slimes","floor":3,"turns":1},{"damage":0,"enemies":"Lagavulin","floor":7,"turns":1},{"damage":3,"enemies":"2 Louse","floor":11,"turns":3},{"damage":6,"enemies":"Large Slime","floor":13,"turns":4},{"damage":40,"enemies":"3 Sentries","floor":14,"turns":8}],"seed_played":"8515520311685640480","potions_obtained":[{"floor":1,"key":"PowerPotion"},{"floor":7,"key":"BlessingOfTheForge"}],"is_trial":false,"path_per_floor":["M","?","M","?","?","R","E","T","T","T","M","?","M","E"],"character_chosen":"WATCHER","items_purchased":[],"campfire_rested":0,"item_purchase_floors":[],"current_hp_per_floor":[61,61,61,61,41,41,41,41,41,41,38,38,32,0],"gold":667,"neow_bonus":"THREE_ENEMY_KILL","is_prod":false,"is_daily":false,"chose_seed":false,"campfire_upgraded":1,"win_rate":0,"timestamp":1626397529,"path_taken":["M","?","M","?","?","R","E","?","T","?","M","?","?","E"],"build_version":"2020-12-22","purchased_purges":0,"victory":false,"max_hp_per_floor":[68,68,68,68,68,68,68,68,68,68,68,68,68,68],"card_choices":[{"not_picked":["EmptyMind","FlurryOfBlows"],"picked":"Perseverance","floor":1},{"not_picked":["JustLucky","Adaptation"],"picked":"Collect","floor":3},{"not_picked":["BowlingBash","FlyingSleeves"],"picked":"SandsOfTime","floor":7},{"not_picked":["ThirdEye","Protect","PathToVictory"],"picked":"SKIP","floor":11},{"not_picked":["Evaluate","InnerPeace"],"picked":"MasterReality","floor":13}],"player_experience":1488146,"relics_obtained":[{"floor":7,"key":"Damaru"},{"floor":8,"key":"Old Coin"},{"floor":9,"key":"Toy Ornithopter"},{"floor":10,"key":"Molten Egg 2"}],"event_choices":[{"damage_healed":0,"gold_gain":0,"player_choice":"Take Wound","damage_taken":0,"relics_obtained":["Golden Idol"],"max_hp_gain":0,"max_hp_loss":0,"event_name":"Golden Idol","floor":2,"gold_loss":0,"cards_obtained":["Injury"]},{"damage_healed":0,"gold_gain":150,"player_choice":"AGREE","damage_taken":0,"max_hp_gain":0,"max_hp_loss":0,"event_name":"Liars Game","floor":4,"gold_loss":0,"cards_obtained":["Doubt"]},{"damage_healed":0,"gold_gain":0,"player_choice":"Entered Light","damage_taken":20,"max_hp_gain":0,"max_hp_loss":0,"event_name":"Shining Light","floor":5,"gold_loss":0,"cards_upgraded":["Vigilance","Perseverance"]},{"damage_healed":0,"gold_gain":0,"player_choice":"Gave Potion","damage_taken":0,"relics_obtained":["Pen Nib"],"max_hp_gain":0,"max_hp_loss":0,"event_name":"WeMeetAgain","floor":12,"gold_loss":0}],"is_beta":false,"boss_relics":[],"items_purged_floors":[],"is_endless":false,"potions_floor_spawned":[1,7,11],"killed_by":"3 Sentries","ascension_level":18}