{"gold_per_floor":[17,17,92,119,139,139,180,330,330,330],"floor_reached":10,"playtime":158,"items_purged":[],"score":122,"play_id":"5dae3e38-2d69-4195-afbf-cfd0eadd9712","local_time":"20210715212354","is_ascension_mode":true,"campfire_choices":[{"data":"Eruption","floor":6,"key":"SMITH"}],"neow_cost":"NO_GOLD","seed_source_timestamp":1890652445226000,"circlet_count":0,"master_deck":["AscendersBane","Strike_P","Strike_P","Strike_P","Defend_P","Defend_P","Defend_P","Eruption+1","Vigilance","ReachHeaven","Injury","Evaluate","Indignation","Doubt"],"relics":["PureWater","Golden Idol","Regal Pillow","Smiling Mask","Toxic Egg 2"],"potions_floor_usage":[7],"damage_taken":[{"damage":4,"enemies":"Jaw Worm","floor":1,"turns":3},{"damage":0,"enemies":"2 Louse","floor":5,"turns":3},{"damage":20,"enemies":"Gremlin Nob","floor":7,"turns":3},{"damage":34,"enemies":"Lagavulin","floor":10,"turns":3}],"seed_played":"-633196545959784081","potions_obtained":[{"floor":1,"key":"SpeedPotion"},{"floor":5,"key":"LiquidMemories"}],"is_trial":false,"path_per_floor":["M","?","?","T","M","R","E","?","T","E"],"character_chosen":"WATCHER","items_purchased":[],"campfire_rested":0,"item_purchase_floors":[],"current_hp_per_floor":[57,57,46,46,46,46,26,26,26,0],"gold":330,"neow_bonus":"REMOVE_TWO","is_prod":false,"is_daily":false,"chose_seed":false,"campfire_upgraded":1,"win_rate":0,"timestamp":1626398634,"path_taken":["M","?","?","?","M","R","E","?","T","E"],"build_version":"2020-12-22","purchased_purges":0,"victory":false,"max_hp_per_floor":[68,68,68,68,68,68,68,68,68,68],"card_choices":[{"not_picked":["InnerPeace","Study"],"picked":"ReachHeaven","floor":1},{"not_picked":["CrushJoints","SashWhip"],"picked":"Evaluate","floor":5},{"not_picked":["Wireheading","WheelKick"],"picked":"Indignation","floor":7}],"player_experience":1489282,"relics_obtained":[{"floor":4,"key":"Regal Pillow"},{"floor":7,"key":"Smiling Mask"},{"floor":9,"key":"Toxic Egg 2"}],"event_choices":[{"damage_healed":0,"gold_gain":0,"player_choice":"Take Wound","damage_taken":0,"relics_obtained":["Golden Idol"],"max_hp_gain":0,"max_hp_loss":0,"event_name":"Golden Idol","floor":2,"gold_loss":0,"cards_obtained":["Injury"]},{"damage_healed":0,"gold_gain":75,"player_choice":"Gather Gold","damage_taken":11,"max_hp_gain":0,"max_hp_loss":0,"event_name":"World of Goop","floor":3,"gold_loss":0},{"damage_healed":0,"gold_gain":150,"player_choice":"AGREE","damage_taken":0,"max_hp_gain":0,"max_hp_loss":0,"event_name":"Liars Game","floor":8,"gold_loss":0,"cards_obtained":["Doubt"]}],"is_beta":false,"boss_relics":[],"items_purged_floors":[],"is_endless":false,"potions_floor_spawned":[1,5],"killed_by":"Lagavulin","ascension_level":18}