{"gold_per_floor":[113,113,113,124,134,134,162,120,174,174],"floor_reached":10,"playtime":174,"items_purged":[],"score":125,"play_id":"d7a202cc-2e8c-4d08-9bcb-da30ced4e942","local_time":"20210724122235","is_ascension_mode":true,"campfire_choices":[{"data":"PathToVictory","floor":6,"key":"SMITH"}],"neow_cost":"NONE","seed_source_timestamp":449882982627900,"circlet_count":0,"master_deck":["AscendersBane","Strike_P","Strike_P","Strike_P","Defend_P","Defend_P","Defend_P","Defend_P","Eruption","Vigilance","PathToVictory+1","Nirvana","JustLucky","InnerPeace","ForeignInfluence","Nirvana"],"relics":["PureWater","NeowsBlessing","Centennial Puzzle","TungstenRod","PreservedInsect"],"potions_floor_usage":[4],"damage_taken":[{"damage":0,"enemies":"2 Louse","floor":1,"turns":1},{"damage":0,"enemies":"Jaw Worm","floor":4,"turns":1},{"damage":0,"enemies":"Small Slimes","floor":5,"turns":1},{"damage":44,"enemies":"Gremlin Nob","floor":7,"turns":4},{"damage":24,"enemies":"Gremlin Gang","floor":10,"turns":3}],"seed_played":"-2483094432904509998","potions_obtained":[{"floor":4,"key":"Fruit Juice"}],"is_trial":false,"path_per_floor":["M","?","?","M","M","R","E","$","T","M"],"character_chosen":"WATCHER","items_purchased":["Nirvana"],"campfire_rested":0,"item_purchase_floors":[8],"current_hp_per_floor":[61,50,50,55,55,55,11,11,11,0],"gold":174,"neow_bonus":"THREE_ENEMY_KILL","is_prod":false,"is_daily":false,"chose_seed":false,"campfire_upgraded":1,"win_rate":0,"timestamp":1627143755,"path_taken":["M","?","?","?","M","R","E","$","T","M"],"build_version":"2020-12-22","purchased_purges":0,"victory":false,"max_hp_per_floor":[68,68,68,73,73,73,73,73,73,73],"card_choices":[{"not_picked":["EmptyBody","Evaluate"],"picked":"PathToVictory","floor":1},{"not_picked":["TalkToTheHand","FollowUp"],"picked":"JustLucky","floor":4},{"not_picked":["Worship","Conclude"],"picked":"InnerPeace","floor":5},{"not_picked":["WreathOfFlame","FlyingSleeves"],"picked":"ForeignInfluence","floor":7}],"player_experience":1516549,"relics_obtained":[{"floor":7,"key":"TungstenRod"},{"floor":9,"key":"PreservedInsect"}],"event_choices":[{"damage_healed":0,"gold_gain":0,"player_choice":"Success","damage_taken":11,"relics_obtained":["Centennial Puzzle"],"max_hp_gain":0,"max_hp_loss":0,"event_name":"Scrap Ooze","floor":2,"gold_loss":0},{"damage_healed":0,"gold_gain":0,"cards_transformed":["Strike_P"],"player_choice":"Change","damage_taken":0,"max_hp_gain":0,"max_hp_loss":0,"event_name":"Living Wall","floor":3,"gold_loss":0,"cards_obtained":["Nirvana"]}],"is_beta":false,"boss_relics":[],"items_purged_floors":[],"is_endless":false,"potions_floor_spawned":[4],"killed_by":"Gremlin Gang","ascension_level":18}