{"gold_per_floor":[112,112,31,106,106,131,131,458,458,494,525,525,131,141,141,224,224,243,252,252,13,13],"floor_reached":22,"playtime":537,"items_purged":["Decay"],"score":500,"play_id":"fd7ce1af-33b4-4f9d-bd0f-a29e7283a5c1","local_time":"20210723205441","is_ascension_mode":true,"campfire_choices":[{"data":"LikeWater","floor":7,"key":"SMITH"},{"floor":12,"key":"REST"},{"data":"Conclude","floor":15,"key":"SMITH"}],"neow_cost":"NONE","seed_source_timestamp":393845887433800,"circlet_count":0,"master_deck":["AscendersBane","Strike_P","Strike_P","Strike_P","Strike_P","Defend_P","Defend_P","Defend_P","Defend_P","Eruption+1","Vigilance","FearNoEvil","LikeWater+1","Study","Conclude+1","Evaluate","MentalFortress","Vengeance","LikeWater","Alpha"],"relics":["PureWater","NeowsBlessing","Toy Ornithopter","Mango","Old Coin","Prayer Wheel","CeramicFish","Sling","Art of War","Busted Crown","Lee\u0027s Waffle"],"potions_floor_usage":[10,16,20],"damage_taken":[{"damage":0,"enemies":"Small Slimes","floor":1,"turns":1},{"damage":0,"enemies":"Gremlin Nob","floor":6,"turns":1},{"damage":0,"enemies":"Lagavulin","floor":8,"turns":2},{"damage":1,"enemies":"Gremlin Nob","floor":10,"turns":3},{"damage":7,"enemies":"Jaw Worm","floor":11,"turns":4},{"damage":0,"enemies":"2 Louse","floor":14,"turns":1},{"damage":21,"enemies":"The Guardian","floor":16,"turns":10},{"damage":10,"enemies":"Chosen","floor":18,"turns":6},{"damage":0,"enemies":"3 Byrds","floor":20,"turns":1},{"damage":125,"enemies":"Cultist and Chosen","floor":22,"turns":5}],"seed_played":"2635982220971217187","potions_obtained":[{"floor":1,"key":"DuplicationPotion"},{"floor":10,"key":"Fire Potion"},{"floor":11,"key":"SmokeBomb"}],"is_trial":false,"path_per_floor":["M","?","$","?","?","E","R","E","T","E","M","R","$","M","R","B",null,"M","?","M","$","M"],"character_chosen":"WATCHER","items_purchased":["LikeWater","Sling","LikeWater","Art of War","Lee\u0027s Waffle"],"campfire_rested":1,"item_purchase_floors":[3,13,13,13,21],"current_hp_per_floor":[61,61,61,50,15,29,29,29,29,33,26,50,50,50,50,34,70,60,60,65,89,0],"gold":13,"neow_bonus":"THREE_ENEMY_KILL","is_prod":false,"is_daily":false,"chose_seed":false,"campfire_upgraded":2,"win_rate":0,"timestamp":1627088081,"path_taken":["M","?","$","?","?","E","R","E","T","E","?","R","$","M","R","BOSS","M","?","M","$","M"],"build_version":"2020-12-22","purchased_purges":1,"victory":false,"max_hp_per_floor":[68,68,68,68,68,82,82,82,82,82,82,82,82,82,82,82,82,82,82,82,89,89],"card_choices":[{"not_picked":["DeceiveReality","EmptyBody"],"picked":"FearNoEvil","floor":1},{"not_picked":["BattleHymn","CutThroughFate"],"picked":"Study","floor":6},{"not_picked":["ClearTheMind","Protect"],"picked":"Conclude","floor":8},{"not_picked":["CutThroughFate","ClearTheMind"],"picked":"Evaluate","floor":10},{"not_picked":["CrushJoints","Prostrate"],"picked":"MentalFortress","floor":11},{"not_picked":["CarveReality","JustLucky"],"picked":"Vengeance","floor":11},{"not_picked":["Protect","Evaluate","CutThroughFate"],"picked":"SKIP","floor":14},{"not_picked":["Worship","EmptyFist","Sanctity"],"picked":"SKIP","floor":14},{"not_picked":["Judgement","Devotion"],"picked":"Alpha","floor":16},{"not_picked":["TalkToTheHand"],"picked":"SKIP","floor":18},{"not_picked":["SignatureMove"],"picked":"SKIP","floor":18}],"player_experience":1514502,"relics_obtained":[{"floor":6,"key":"Mango"},{"floor":8,"key":"Old Coin"},{"floor":9,"key":"Prayer Wheel"},{"floor":10,"key":"CeramicFish"}],"event_choices":[{"damage_healed":0,"gold_gain":0,"player_choice":"Grow","damage_taken":0,"max_hp_gain":0,"max_hp_loss":0,"event_name":"Living Wall","floor":2,"gold_loss":0,"cards_upgraded":["Eruption"]},{"damage_healed":0,"gold_gain":75,"player_choice":"Gather Gold","damage_taken":11,"max_hp_gain":0,"max_hp_loss":0,"event_name":"World of Goop","floor":4,"gold_loss":0},{"damage_healed":0,"gold_gain":0,"player_choice":"Success","damage_taken":35,"relics_obtained":["Toy Ornithopter"],"max_hp_gain":0,"max_hp_loss":0,"event_name":"Scrap Ooze","floor":5,"gold_loss":0},{"damage_healed":0,"gold_gain":0,"player_choice":"Smashed Altar","damage_taken":0,"max_hp_gain":0,"max_hp_loss":0,"event_name":"Forgotten Altar","floor":19,"gold_loss":0,"cards_obtained":["Decay"]}],"is_beta":false,"boss_relics":[{"not_picked":["Sozu","Philosopher\u0027s Stone"],"picked":"Busted Crown"}],"items_purged_floors":[21],"is_endless":false,"potions_floor_spawned":[1,10,11,20],"killed_by":"Cultist and Chosen","ascension_level":18}