{"gold_per_floor":[117,136,136,61,61,90,90,120,120,135,135,135,146,156,156,227,227,244,244,262,105,105,105],"floor_reached":23,"playtime":800,"items_purged":["Defend_P"],"score":426,"play_id":"3434249a-3d14-4089-828d-407c2ebe7f04","local_time":"20210725212423","is_ascension_mode":true,"campfire_choices":[{"data":"Consecrate","floor":7.0,"key":"SMITH"},{"data":"Wallop","floor":11,"key":"SMITH"},{"data":"Collect","floor":15,"key":"SMITH"}],"neow_cost":"NONE","seed_source_timestamp":12735081735900,"circlet_count":0,"master_deck":["AscendersBane","Strike_P","Strike_P","Strike_P","Defend_P","Defend_P","Defend_P","Eruption+1","Vigilance","Consecrate+1","EmptyBody","EmptyBody","InnerPeace","Wallop+1","FearNoEvil","Collect+1","ConjureBlade","EmptyFist","ThirdEye+1"],"special_seed":0,"relics":["PureWater","NeowsBlessing","Pocketwatch","Bronze Scales","Mango","SacredBark","Pen Nib"],"potions_floor_usage":[],"damage_taken":[{"damage":0.0,"enemies":"Jaw Worm","floor":1.0,"turns":1.0},{"damage":0.0,"enemies":"Cultist","floor":2.0,"turns":1.0},{"damage":0.0,"enemies":"Gremlin Nob","floor":6.0,"turns":1.0},{"damage":5.0,"enemies":"3 Sentries","floor":8.0,"turns":5.0},{"damage":0.0,"enemies":"Small Slimes","floor":10.0,"turns":2.0},{"damage":4,"enemies":"Red Slaver","floor":13,"turns":2},{"damage":11,"enemies":"Exordium Wildlife","floor":14,"turns":4},{"damage":17,"enemies":"The Guardian","floor":16,"turns":10},{"damage":24,"enemies":"3 Byrds","floor":18,"turns":4},{"damage":18,"enemies":"Spheric Guardian","floor":20,"turns":6},{"damage":35,"enemies":"Shelled Parasite and Fungi","floor":23,"turns":3}],"seed_played":"4907020889341228506","potions_obtained":[{"floor":6.0,"key":"Ancient Potion"},{"floor":16,"key":"Strength Potion"}],"is_trial":false,"path_per_floor":["M","M","?","$","?","E","R","E","T","M","R","?","M","M","R","B",null,"M","?","M","$","?","M"],"character_chosen":"WATCHER","items_purchased":["Pen Nib"],"campfire_rested":0,"item_purchase_floors":[21],"current_hp_per_floor":[61,61,61,61,61,61,61,56,70,70,70,70,66,55,55,38,71,47,35,17,17,33,0],"gold":105,"neow_bonus":"THREE_ENEMY_KILL","is_prod":false,"is_daily":false,"chose_seed":false,"campfire_upgraded":3,"win_rate":0,"timestamp":1627262663,"path_taken":["M","M","?","?","?","E","R","E","T","?","R","?","?","M","R","BOSS","M","?","?","$","?","M"],"build_version":"2020-12-22","purchased_purges":1,"victory":false,"max_hp_per_floor":[68,68,68,68,68,68,68,68,82,82,82,82,82,82,82,82,82,82,82,82,82,82,82],"card_choices":[{"not_picked":["FlurryOfBlows","ThirdEye"],"picked":"Consecrate","floor":1.0},{"not_picked":["CarveReality","CutThroughFate"],"picked":"EmptyBody","floor":2.0},{"not_picked":["DeceiveReality","SpiritShield"],"picked":"InnerPeace","floor":6.0},{"not_picked":["Evaluate","Wireheading"],"picked":"Wallop","floor":8.0},{"not_picked":["CutThroughFate","FlyingSleeves"],"picked":"FearNoEvil","floor":10},{"not_picked":["EmptyBody","BowlingBash","JustLucky"],"picked":"SKIP","floor":13},{"not_picked":["FollowUp","Prostrate","Evaluate"],"picked":"SKIP","floor":14},{"not_picked":["Brilliance","SpiritShield"],"picked":"ConjureBlade","floor":16},{"not_picked":["LikeWater","FlurryOfBlows"],"picked":"EmptyFist","floor":18},{"not_picked":["InnerPeace","CrushJoints+1"],"picked":"ThirdEye+1","floor":20}],"player_experience":1521175,"relics_obtained":[{"floor":6.0,"key":"Pocketwatch"},{"floor":8.0,"key":"Bronze Scales"},{"floor":9.0,"key":"Mango"}],"event_choices":[{"damage_healed":0.0,"max_hp_gain":0.0,"max_hp_loss":0.0,"gold_gain":0.0,"cards_transformed":["Strike_P"],"event_name":"Transmorgrifier","player_choice":"Transformed","floor":3.0,"gold_loss":0.0,"damage_taken":0.0,"cards_obtained":["EmptyBody"]},{"damage_healed":0.0,"max_hp_gain":0.0,"max_hp_loss":0.0,"gold_gain":0.0,"event_name":"Upgrade Shrine","player_choice":"Upgraded","floor":5.0,"gold_loss":0.0,"damage_taken":0.0,"cards_upgraded":["Eruption"]},{"damage_healed":0,"gold_gain":0,"player_choice":"1 cards matched","damage_taken":0,"max_hp_gain":0,"max_hp_loss":0,"event_name":"Match and Keep!","floor":12,"gold_loss":0,"cards_obtained":["Collect"]},{"damage_healed":0,"gold_gain":0,"player_choice":"Damaged","damage_taken":12,"max_hp_gain":0,"max_hp_loss":0,"event_name":"Wheel of Change","floor":19,"gold_loss":0},{"damage_healed":16,"gold_gain":0,"player_choice":"Heal","damage_taken":0,"max_hp_gain":0,"max_hp_loss":0,"event_name":"The Library","floor":22,"gold_loss":0}],"is_beta":false,"boss_relics":[{"not_picked":["Cursed Key","Runic Dome"],"picked":"SacredBark"}],"items_purged_floors":[4],"is_endless":false,"potions_floor_spawned":[6,16,20],"killed_by":"Shelled Parasite and Fungi","ascension_level":18}