{"gold_per_floor":[111,126,126,126,86,113,113,144,167,180,180,255,255,265,265,339,339,310,320,58,77,77],"floor_reached":22,"playtime":556,"items_purged":[],"score":464,"play_id":"d128f4f7-d94c-475c-a4f7-dbeef7cb18fb","local_time":"20210723204310","is_ascension_mode":true,"campfire_choices":[{"data":"Conclude","floor":7,"key":"SMITH"},{"data":"LikeWater","floor":11,"key":"SMITH"},{"floor":15,"key":"REST"}],"neow_cost":"NONE","seed_source_timestamp":393134659926900,"circlet_count":0,"master_deck":["AscendersBane","Strike_P","Strike_P","Strike_P+1","Strike_P","Defend_P","Defend_P","Defend_P","Defend_P","Eruption+1","Vigilance","SignatureMove+1","Conclude+1","LikeWater+1","Indignation","ClearTheMind","MentalFortress","ConjureBlade","Pray","ReachHeaven"],"relics":["PureWater","NeowsBlessing","Art of War","Anchor","Damaru","Question Card","VioletLotus","Letter Opener"],"potions_floor_usage":[18,22],"damage_taken":[{"damage":0,"enemies":"Jaw Worm","floor":1,"turns":1},{"damage":0,"enemies":"2 Louse","floor":2,"turns":1},{"damage":0,"enemies":"Lagavulin","floor":6,"turns":1},{"damage":10,"enemies":"3 Sentries","floor":8,"turns":7},{"damage":0,"enemies":"Small Slimes","floor":10,"turns":1},{"damage":0,"enemies":"2 Fungi Beasts","floor":14,"turns":1},{"damage":12,"enemies":"The Guardian","floor":16,"turns":6},{"damage":19,"enemies":"2 Thieves","floor":18,"turns":4},{"damage":11,"enemies":"Chosen","floor":19,"turns":5},{"damage":11,"enemies":"Snake Plant","floor":21,"turns":3},{"damage":38,"enemies":"Centurion and Healer","floor":22,"turns":5}],"seed_played":"925013815449728219","potions_obtained":[{"floor":6,"key":"BottledMiracle"},{"floor":8,"key":"FairyPotion"},{"floor":21,"key":"ColorlessPotion"}],"is_trial":false,"path_per_floor":["M","M","?","?","$","E","R","E","T","M","R","?","?","M","R","B",null,"M","M","$","M","M"],"character_chosen":"WATCHER","items_purchased":["LikeWater","Letter Opener"],"campfire_rested":1,"item_purchase_floors":[5,20],"current_hp_per_floor":[61,61,41,41,41,41,41,31,31,31,31,20,9,9,29,17,55,36,25,25,14,0],"gold":77,"neow_bonus":"THREE_ENEMY_KILL","is_prod":false,"is_daily":false,"chose_seed":false,"campfire_upgraded":2,"win_rate":0,"timestamp":1627087390,"path_taken":["M","M","?","?","$","E","R","E","T","M","R","?","?","?","R","BOSS","M","M","$","M","?"],"build_version":"2020-12-22","purchased_purges":0,"victory":false,"max_hp_per_floor":[68,68,68,68,68,68,68,68,68,68,68,68,68,68,68,68,68,68,68,68,68,68],"card_choices":[{"not_picked":["FlyingSleeves","SandsOfTime"],"picked":"SignatureMove","floor":1},{"not_picked":["Consecrate","JustLucky"],"picked":"Conclude","floor":2},{"not_picked":["Ragnarok","TalkToTheHand"],"picked":"Indignation","floor":6},{"not_picked":["Nirvana","Consecrate","SandsOfTime"],"picked":"SKIP","floor":8},{"not_picked":["Evaluate","FlyingSleeves"],"picked":"ClearTheMind","floor":10},{"not_picked":["Swivel","PathToVictory","ClearTheMind"],"picked":"MentalFortress","floor":14},{"not_picked":["Judgement","MasterReality","Alpha"],"picked":"ConjureBlade","floor":16},{"not_picked":["Swivel","Consecrate","SandsOfTime"],"picked":"Pray","floor":18},{"not_picked":["Adaptation","EmptyFist","Wireheading","ClearTheMind"],"picked":"SKIP","floor":19},{"not_picked":["EmptyBody","EmptyFist","Wallop"],"picked":"ReachHeaven","floor":21}],"player_experience":1513811,"relics_obtained":[{"floor":6,"key":"Art of War"},{"floor":8,"key":"Anchor"},{"floor":9,"key":"Damaru"}],"event_choices":[{"damage_healed":0,"gold_gain":0,"player_choice":"Entered Light","damage_taken":20,"max_hp_gain":0,"max_hp_loss":0,"event_name":"Shining Light","floor":3,"gold_loss":0,"cards_upgraded":["Strike_P","SignatureMove"]},{"damage_healed":0,"gold_gain":0,"player_choice":"Grow","damage_taken":0,"max_hp_gain":0,"max_hp_loss":0,"event_name":"Living Wall","floor":4,"gold_loss":0,"cards_upgraded":["Eruption"]},{"damage_healed":0,"gold_gain":75,"player_choice":"Gather Gold","damage_taken":11,"max_hp_gain":0,"max_hp_loss":0,"event_name":"World of Goop","floor":12,"gold_loss":0},{"damage_healed":0,"gold_gain":0,"player_choice":"Success","damage_taken":11,"relics_obtained":["Question Card"],"max_hp_gain":0,"max_hp_loss":0,"event_name":"Scrap Ooze","floor":13,"gold_loss":0}],"is_beta":false,"boss_relics":[{"not_picked":["Pandora\u0027s Box","Cursed Key"],"picked":"VioletLotus"}],"items_purged_floors":[],"is_endless":false,"potions_floor_spawned":[6,8,16,21],"killed_by":"Centurion and Healer","ascension_level":18}