{"gold_per_floor":[115,115,115,40,61,101,101,136,136,160,27,27,67,95,95,175,175,203,203,203,222,241,241,259,259,259,282,292,327,327,361,361,361],"floor_reached":33,"playtime":1141,"items_purged":["Regret"],"score":631,"play_id":"d8b06b28-52cf-4ee5-8206-e722cf0598a5","local_time":"20210723163737","is_ascension_mode":true,"campfire_choices":[{"data":"Eruption","floor":7,"key":"SMITH"},{"floor":15,"key":"REST"},{"floor":23,"key":"RECALL"},{"floor":25,"key":"REST"},{"floor":30,"key":"REST"},{"floor":32,"key":"REST"}],"neow_cost":"TEN_PERCENT_HP_LOSS","seed_source_timestamp":377815583975900,"circlet_count":0,"master_deck":["AscendersBane","Strike_P","Strike_P","Strike_P","Strike_P","Defend_P","Defend_P","Defend_P","Defend_P","Eruption+1","Vigilance","SignatureMove","FollowUp","ReachHeaven","Protect","Vengeance","FollowUp","Bandage Up","FlurryOfBlows","WheelKick","Devotion","FlurryOfBlows","Protect+1","Meditate","TalkToTheHand","Tantrum"],"relics":["PureWater","Incense Burner","Shuriken","CeramicFish","Vajra","PreservedInsect","Eternal Feather","Fusion Hammer","MutagenicStrength","Nloth\u0027s Gift","Orichalcum","Toy Ornithopter"],"potions_floor_usage":[6,12,16,28,29,31],"damage_taken":[{"damage":12,"enemies":"Jaw Worm","floor":1,"turns":7},{"damage":4,"enemies":"2 Louse","floor":5,"turns":2},{"damage":1,"enemies":"Lagavulin","floor":6,"turns":4},{"damage":15,"enemies":"3 Sentries","floor":8,"turns":3},{"damage":0,"enemies":"Cultist","floor":10,"turns":2},{"damage":0,"enemies":"Exordium Thugs","floor":12,"turns":1},{"damage":0,"enemies":"Gremlin Nob","floor":13,"turns":2},{"damage":11,"enemies":"Lots of Slimes","floor":14,"turns":4},{"damage":23,"enemies":"Slime Boss","floor":16,"turns":7},{"damage":0,"enemies":"Chosen","floor":18,"turns":3},{"damage":5,"enemies":"2 Thieves","floor":21,"turns":3},{"damage":32,"enemies":"Shelled Parasite and Fungi","floor":22,"turns":6},{"damage":8,"enemies":"3 Cultists","floor":24,"turns":3},{"damage":39,"enemies":"Snake Plant","floor":27,"turns":3},{"damage":8,"enemies":"Chosen and Byrds","floor":28,"turns":3},{"damage":2,"enemies":"Slavers","floor":29,"turns":3},{"damage":11,"enemies":"Book of Stabbing","floor":31,"turns":3},{"damage":66,"enemies":"Collector","floor":33,"turns":5}],"seed_played":"-1010545804340403379","potions_obtained":[{"floor":1,"key":"EssenceOfSteel"},{"floor":5,"key":"ColorlessPotion"},{"floor":8,"key":"SmokeBomb"},{"floor":21,"key":"Regen Potion"},{"floor":22,"key":"Strength Potion"},{"floor":29,"key":"Weak Potion"}],"is_trial":false,"path_per_floor":["M","?","?","$","M","E","R","E","T","M","$","M","E","M","R","B",null,"M","?","?","M","M","R","M","R","T","M","M","E","R","E","R","B"],"character_chosen":"WATCHER","items_purchased":["FollowUp","Bandage Up"],"campfire_rested":4,"item_purchase_floors":[11,11],"current_hp_per_floor":[49,49,44,44,40,39,39,24,24,24,24,24,24,13,43,24,53,57,57,57,56,28,40,36,62,62,23,28,26,59,52,62,0],"gold":361,"neow_bonus":"ONE_RARE_RELIC","is_prod":false,"is_daily":false,"chose_seed":false,"campfire_upgraded":1,"win_rate":0,"timestamp":1627072657,"path_taken":["M","?","?","$","M","E","R","E","T","M","?","?","E","M","R","BOSS","M","?","?","M","M","R","?","R","T","M","M","E","R","E","R","BOSS"],"build_version":"2020-12-22","purchased_purges":1,"victory":false,"max_hp_per_floor":[62,62,62,62,62,62,62,62,62,62,62,62,62,62,62,62,62,62,62,62,62,62,62,62,62,62,62,62,62,62,62,62,62],"card_choices":[{"not_picked":["Perseverance","Collect"],"picked":"SignatureMove","floor":1},{"not_picked":["Pray","ReachHeaven"],"picked":"FollowUp","floor":5},{"not_picked":["SashWhip","MentalFortress"],"picked":"ReachHeaven","floor":6},{"not_picked":["Ragnarok","EmptyFist"],"picked":"Protect","floor":8},{"not_picked":["Crescendo","Meditate"],"picked":"Vengeance","floor":10},{"not_picked":["PathToVictory","Consecrate"],"picked":"FlurryOfBlows","floor":13},{"not_picked":["ClearTheMind","BowlingBash"],"picked":"WheelKick","floor":14},{"not_picked":["Vault","Blasphemy"],"picked":"Devotion","floor":16},{"not_picked":["FlyingSleeves","Protect"],"picked":"FlurryOfBlows","floor":18},{"not_picked":["Conclude","Pray"],"picked":"Protect+1","floor":21},{"not_picked":["JustLucky","WindmillStrike"],"picked":"Meditate","floor":22},{"not_picked":["BowlingBash","Evaluate","ForeignInfluence+1"],"picked":"SKIP","floor":24},{"not_picked":["WreathOfFlame","ClearTheMind"],"picked":"TalkToTheHand","floor":27},{"not_picked":["PathToVictory","SashWhip","BattleHymn"],"picked":"SKIP","floor":28},{"not_picked":["Blasphemy","Alpha","CarveReality"],"picked":"SKIP","floor":29},{"not_picked":["ClearTheMind","Collect"],"picked":"Tantrum","floor":31}],"player_experience":1511818,"relics_obtained":[{"floor":6,"key":"Vajra"},{"floor":8,"key":"Boot"},{"floor":9,"key":"PreservedInsect"},{"floor":13,"key":"Eternal Feather"},{"floor":29,"key":"Orichalcum"},{"floor":31,"key":"Toy Ornithopter"}],"event_choices":[{"damage_healed":0,"gold_gain":0,"player_choice":"Box","damage_taken":0,"relics_obtained":["Shuriken"],"max_hp_gain":0,"max_hp_loss":0,"event_name":"Big Fish","floor":2,"gold_loss":0,"cards_obtained":["Regret"]},{"damage_healed":0,"gold_gain":0,"player_choice":"Success","damage_taken":5,"relics_obtained":["CeramicFish"],"max_hp_gain":0,"max_hp_loss":0,"event_name":"Scrap Ooze","floor":3,"gold_loss":0},{"damage_healed":0,"gold_gain":0,"player_choice":"Inject Mutagens","damage_taken":0,"relics_obtained":["MutagenicStrength"],"max_hp_gain":0,"max_hp_loss":0,"event_name":"Drug Dealer","floor":19,"gold_loss":0},{"damage_healed":0,"gold_gain":0,"player_choice":"Traded Relic","damage_taken":0,"relics_obtained":["Nloth\u0027s Gift"],"max_hp_gain":0,"max_hp_loss":0,"event_name":"N\u0027loth","floor":20,"relics_lost":["Boot"],"gold_loss":0}],"is_beta":false,"boss_relics":[{"not_picked":["Snecko Eye","Sozu"],"picked":"Fusion Hammer"}],"items_purged_floors":[4],"is_endless":false,"potions_floor_spawned":[1,5,8,12,21,22,24,29],"killed_by":"Collector","ascension_level":18}