{"gold_per_floor":[359,434,434,454,93,93,126,145,194,194,213,244,244,294,294,294],"floor_reached":16,"playtime":515,"items_purged":[],"score":211,"play_id":"b073be88-0e63-4541-b0f2-8ce388f838ff","local_time":"20210814221529","is_ascension_mode":true,"campfire_choices":[{"floor":6,"key":"REST"},{"floor":10,"key":"REST"},{"data":"Devotion","floor":15,"key":"SMITH"}],"neow_cost":"CURSE","seed_source_timestamp":171784073942000,"circlet_count":0,"master_deck":["AscendersBane","Strike_P+1","Strike_P","Strike_P","Strike_P","Defend_P","Defend_P","Defend_P+1","Defend_P","Eruption","Vigilance","Pray","BowlingBash","Conclude","Wallop","Protect","Evaluate","Devotion+1"],"relics":["PureWater","Gremlin Horn","Omamori","PreservedInsect","Bag of Preparation"],"potions_floor_usage":[7,16],"damage_taken":[{"damage":6,"enemies":"Cultist","floor":1,"turns":3},{"damage":7,"enemies":"Jaw Worm","floor":4,"turns":5},{"damage":20,"enemies":"3 Sentries","floor":7,"turns":2},{"damage":0,"enemies":"Small Slimes","floor":8,"turns":2},{"damage":3,"enemies":"3 Louse","floor":11,"turns":4},{"damage":49,"enemies":"Lagavulin","floor":12,"turns":11},{"damage":8,"enemies":"Hexaghost","floor":16,"turns":9}],"seed_played":"-7447324008759879469","potions_obtained":[{"floor":4,"key":"Swift Potion"},{"floor":7,"key":"FairyPotion"},{"floor":8,"key":"Dexterity Potion"}],"is_trial":false,"path_per_floor":["M","?","?","M","$","R","E","M","T","R","M","E","?","?","R","B"],"character_chosen":"WATCHER","items_purchased":["Gremlin Horn","Conclude"],"campfire_rested":2,"item_purchase_floors":[5,5],"current_hp_per_floor":[55,44,24,17,17,37,17,17,17,37,34,13,6,6,6,0],"gold":294,"neow_bonus":"TWO_FIFTY_GOLD","is_prod":false,"is_daily":false,"chose_seed":false,"campfire_upgraded":1,"win_rate":0,"timestamp":1628972129,"path_taken":["M","?","?","M","$","R","E","M","T","R","M","E","?","?","R","BOSS"],"build_version":"2020-12-22","purchased_purges":0,"victory":false,"max_hp_per_floor":[68,68,68,68,68,68,68,68,68,68,68,68,68,68,68,68],"card_choices":[{"not_picked":["CarveReality","Nirvana"],"picked":"Pray","floor":1},{"not_picked":["EmptyBody","Evaluate"],"picked":"BowlingBash","floor":4},{"not_picked":["Pray","EmptyMind"],"picked":"Wallop","floor":7},{"not_picked":["ThirdEye","EmptyFist"],"picked":"Protect","floor":8},{"not_picked":["CrushJoints","FollowUp"],"picked":"Evaluate","floor":11},{"not_picked":["Prostrate","BowlingBash"],"picked":"Devotion","floor":12}],"player_experience":1565032,"relics_obtained":[{"floor":7,"key":"Omamori"},{"floor":9,"key":"PreservedInsect"},{"floor":12,"key":"Bag of Preparation"}],"event_choices":[{"damage_healed":0,"gold_gain":75,"player_choice":"Gather Gold","damage_taken":11,"max_hp_gain":0,"max_hp_loss":0,"event_name":"World of Goop","floor":2,"gold_loss":0},{"damage_healed":0,"gold_gain":0,"player_choice":"Entered Light","damage_taken":20,"max_hp_gain":0,"max_hp_loss":0,"event_name":"Shining Light","floor":3,"gold_loss":0,"cards_upgraded":["Strike_P","Defend_P"]},{"cards_removed":["Injury"],"damage_healed":0,"gold_gain":0,"player_choice":"Card Removal","damage_taken":7,"max_hp_gain":0,"max_hp_loss":0,"event_name":"Golden Wing","floor":13,"gold_loss":0},{"damage_healed":0,"gold_gain":50,"player_choice":"Pray","damage_taken":0,"max_hp_gain":0,"max_hp_loss":0,"event_name":"Golden Shrine","floor":14,"gold_loss":0}],"is_beta":false,"boss_relics":[],"items_purged_floors":[],"is_endless":false,"potions_floor_spawned":[4,7,8,11],"killed_by":"Hexaghost","ascension_level":19}