{"gold_per_floor":[114,189,189,189,212,212,362,362,413,413,28,93,153,67,67,67],"floor_reached":16,"playtime":331,"items_purged":["Regret"],"score":172,"play_id":"42c2a2d5-3fa5-4477-bb29-ea302b08af91","local_time":"20210818164442","is_ascension_mode":true,"campfire_choices":[{"data":"Eruption","floor":6,"key":"SMITH"},{"data":"Nirvana","floor":10,"key":"SMITH"},{"floor":15,"key":"REST"}],"neow_cost":"NONE","seed_source_timestamp":257950820513000,"circlet_count":0,"master_deck":["AscendersBane","Strike_P","Strike_P","Strike_P+1","Strike_P","Defend_P","Defend_P","Defend_P+1","Defend_P","Eruption+1","Vigilance","Nirvana+1","Injury","Tantrum","Doubt","HandOfGreed","CutThroughFate"],"relics":["PureWater","NeowsBlessing","Golden Idol","Mummified Hand","PreservedInsect","Membership Card","Tiny Chest","Oddly Smooth Stone"],"potions_floor_usage":[16],"damage_taken":[{"damage":0,"enemies":"2 Louse","floor":1,"turns":1},{"damage":0,"enemies":"Jaw Worm","floor":5,"turns":1},{"damage":0,"enemies":"Small Slimes","floor":12,"turns":5},{"damage":7,"enemies":"Exordium Wildlife","floor":13,"turns":3},{"damage":52,"enemies":"Slime Boss","floor":16,"turns":8}],"seed_played":"-8498067505087698686","potions_obtained":[{"floor":12,"key":"Weak Potion"}],"is_trial":false,"path_per_floor":["M","?","?","?","M","R","?","?","T","R","$","M","M","$","R","B"],"character_chosen":"WATCHER","items_purchased":["Membership Card","Tiny Chest","HandOfGreed","Oddly Smooth Stone"],"campfire_rested":1,"item_purchase_floors":[11,11,11,14],"current_hp_per_floor":[61,50,50,50,50,50,50,30,30,30,30,30,23,23,43,0],"gold":67,"neow_bonus":"THREE_ENEMY_KILL","is_prod":false,"is_daily":false,"chose_seed":false,"campfire_upgraded":2,"win_rate":0,"timestamp":1629297882,"path_taken":["M","?","?","?","?","R","?","?","T","R","$","?","M","?","R","BOSS"],"build_version":"2020-12-22","purchased_purges":1,"victory":false,"max_hp_per_floor":[68,68,68,68,68,68,68,68,68,68,68,68,68,68,68,68],"card_choices":[{"not_picked":["ThirdEye","Evaluate"],"picked":"Nirvana","floor":1},{"not_picked":["ClearTheMind","Prostrate"],"picked":"Tantrum","floor":5},{"not_picked":["Conclude","Pray"],"picked":"CutThroughFate","floor":12},{"not_picked":["CutThroughFate","Halt","SashWhip"],"picked":"SKIP","floor":13}],"player_experience":1570286,"relics_obtained":[{"floor":9,"key":"PreservedInsect"}],"event_choices":[{"damage_healed":0,"gold_gain":75,"player_choice":"Gather Gold","damage_taken":11,"max_hp_gain":0,"max_hp_loss":0,"event_name":"World of Goop","floor":2,"gold_loss":0},{"damage_healed":0,"gold_gain":0,"player_choice":"Take Wound","damage_taken":0,"relics_obtained":["Golden Idol"],"max_hp_gain":0,"max_hp_loss":0,"event_name":"Golden Idol","floor":3,"gold_loss":0,"cards_obtained":["Injury"]},{"damage_healed":0,"gold_gain":0,"player_choice":"Box","damage_taken":0,"relics_obtained":["Mummified Hand"],"max_hp_gain":0,"max_hp_loss":0,"event_name":"Big Fish","floor":4,"gold_loss":0,"cards_obtained":["Regret"]},{"damage_healed":0,"gold_gain":150,"player_choice":"AGREE","damage_taken":0,"max_hp_gain":0,"max_hp_loss":0,"event_name":"Liars Game","floor":7,"gold_loss":0,"cards_obtained":["Doubt"]},{"damage_healed":0,"gold_gain":0,"player_choice":"Entered Light","damage_taken":20,"max_hp_gain":0,"max_hp_loss":0,"event_name":"Shining Light","floor":8,"gold_loss":0,"cards_upgraded":["Strike_P","Defend_P"]}],"is_beta":false,"boss_relics":[],"items_purged_floors":[11],"is_endless":false,"potions_floor_spawned":[12],"killed_by":"Slime Boss","ascension_level":19}