{"gold_per_floor":[110,130,34,34,34,34,68,143,143,143,155,155],"floor_reached":12,"playtime":169,"items_purged":[],"score":197,"play_id":"16b3efa3-9ffb-42aa-8e04-7f1c6b516a07","local_time":"20210903122945","is_ascension_mode":true,"campfire_choices":[{"data":"Pray","floor":6,"key":"SMITH"},{"data":"Eruption","floor":10,"key":"SMITH"}],"neow_cost":"NONE","seed_source_timestamp":78817651904300,"circlet_count":0,"master_deck":["AscendersBane","Strike_P","Strike_P","Strike_P","Strike_P","Defend_P","Defend_P","Defend_P","Defend_P","Eruption+1","Vigilance+1","Pray+1","Perseverance","Dark Shackles+1","Regret","Prostrate","EmptyMind"],"relics":["PureWater","NeowsBlessing","Art of War","Ice Cream","Strawberry"],"potions_floor_usage":[11,11],"damage_taken":[{"damage":0,"enemies":"2 Louse","floor":1,"turns":2},{"damage":0,"enemies":"Jaw Worm","floor":2,"turns":1},{"damage":0,"enemies":"Lagavulin","floor":7,"turns":1},{"damage":0,"enemies":"Small Slimes","floor":11,"turns":1},{"damage":44,"enemies":"Gremlin Nob","floor":12,"turns":3}],"seed_played":"5948167555546668686","potions_obtained":[{"floor":2,"key":"SteroidPotion"},{"floor":7,"key":"SteroidPotion"}],"is_trial":false,"path_per_floor":["M","M","$","?","?","R","E","?","T","R","M","E"],"character_chosen":"WATCHER","items_purchased":["Dark Shackles"],"campfire_rested":0,"item_purchase_floors":[3],"current_hp_per_floor":[61,61,61,61,41,41,41,30,37,37,37,0],"gold":155,"neow_bonus":"THREE_ENEMY_KILL","is_prod":false,"is_daily":false,"chose_seed":false,"campfire_upgraded":2,"win_rate":0,"timestamp":1630664985,"path_taken":["M","M","$","?","?","R","E","?","T","R","M","E"],"build_version":"2020-12-22","purchased_purges":0,"victory":false,"max_hp_per_floor":[68,68,68,68,68,68,68,68,75,75,75,75],"card_choices":[{"not_picked":["BowlingBash","ThirdEye"],"picked":"Pray","floor":1},{"not_picked":["FlurryOfBlows","Swivel"],"picked":"Perseverance","floor":2},{"not_picked":["SashWhip","DeceiveReality"],"picked":"Prostrate","floor":7},{"not_picked":["Evaluate","ThirdEye"],"picked":"EmptyMind","floor":11}],"player_experience":1600731,"relics_obtained":[{"floor":7,"key":"Ice Cream"},{"floor":9,"key":"Strawberry"}],"event_choices":[{"damage_healed":0,"gold_gain":0,"player_choice":"Box","damage_taken":0,"relics_obtained":["Art of War"],"max_hp_gain":0,"max_hp_loss":0,"event_name":"Big Fish","floor":4,"gold_loss":0,"cards_obtained":["Regret"]},{"damage_healed":0,"gold_gain":0,"player_choice":"Entered Light","damage_taken":20,"max_hp_gain":0,"max_hp_loss":0,"event_name":"Shining Light","floor":5,"gold_loss":0,"cards_upgraded":["Dark Shackles","Vigilance"]},{"damage_healed":0,"gold_gain":75,"player_choice":"Gather Gold","damage_taken":11,"max_hp_gain":0,"max_hp_loss":0,"event_name":"World of Goop","floor":8,"gold_loss":0}],"is_beta":false,"boss_relics":[],"items_purged_floors":[],"is_endless":false,"potions_floor_spawned":[2,7],"killed_by":"Gremlin Nob","ascension_level":19}