{"gold_per_floor":[110,125,125,139,139,172,172,216,287,287,302,343,362,395,395,520,520,543,180,455,468,486,486,118,118,118,118,143,162,162,203,203,203],"floor_reached":33,"playtime":1294,"items_purged":[],"score":389,"play_id":"77eb2f72-9b4c-40e2-ba70-997f4fcc6499","local_time":"20211219143635","is_ascension_mode":true,"campfire_choices":[{"data":"MentalFortress","floor":7,"key":"SMITH"},{"floor":10,"key":"REST"},{"floor":15,"key":"REST"},{"floor":23,"key":"DIG"},{"floor":25,"key":"DIG"},{"floor":27,"key":"DIG"},{"floor":30,"key":"DIG"},{"floor":32,"key":"DIG"}],"neow_cost":"NONE","seed_source_timestamp":602101967909400,"circlet_count":0,"master_deck":["Strike_P","Strike_P+1","Strike_P+1","Strike_P","Defend_P+1","Defend_P+1","Defend_P","Defend_P+1","Eruption+1","Vigilance","FearNoEvil+1","Replay:BluntJabs+1","Replay:ManipulateFuture","MentalFortress+1","Replay:Hum+1","EmptyFist+1","LessonLearned+1","Replay:LoomingThreat+1","Regret","Replay:AtTheReady+1","Crescendo+1","Establishment+1"],"relics":["PureWater","NeowsBlessing","Golden Idol","Bird Faced Urn","ReplayFunnel","The Courier","ReplayTheSpireMod:Shallot","Iron Hammer","Runic Pyramid","Shovel","Guide Book","Du-Vu Doll","Sling","Torii","Replay:Towering Pillar of Hats","Snack Pack","Question Card","WingedGreaves","Toy Ornithopter","Replay:Mystery Machine"],"potions_floor_usage":[14,16,21,31,33,33],"damage_taken":[{"damage":0,"enemies":"Cultist","floor":1,"turns":1},{"damage":0,"enemies":"Small Slimes","floor":2,"turns":1},{"damage":0,"enemies":"2 Louse","floor":4,"turns":1},{"damage":21,"enemies":"Lagavulin","floor":6,"turns":7},{"damage":30,"enemies":"Gremlin Nob","floor":8,"turns":4},{"damage":0,"enemies":"Large Slime","floor":11,"turns":4},{"damage":2,"enemies":"Lagavulin","floor":12,"turns":6},{"damage":0,"enemies":"Lots of Slimes","floor":13,"turns":3},{"damage":12,"enemies":"3 Sentries","floor":14,"turns":10},{"damage":0,"enemies":"Slime Boss","floor":16,"turns":6},{"damage":2,"enemies":"2 Thieves","floor":18,"turns":4},{"damage":2,"enemies":"Shell Parasite","floor":21,"turns":3},{"damage":0,"enemies":"Centurion and Healer","floor":22,"turns":4},{"damage":3,"enemies":"Snake Plant","floor":28,"turns":5},{"damage":30,"enemies":"3 Cultists","floor":29,"turns":6},{"damage":5,"enemies":"Gremlin Leader","floor":31,"turns":4},{"damage":81,"enemies":"Pondfish","floor":33,"turns":11}],"seed_played":"1173444847489291121","potions_obtained":[{"floor":1,"key":"SkillPotion"},{"floor":4,"key":"StancePotion"},{"floor":14,"key":"SkillPotion"},{"floor":16,"key":"DuplicationPotion"},{"floor":18,"key":"Languid Potion"},{"floor":31,"key":"Cursed Concoction"}],"is_trial":false,"path_per_floor":["M","M","?","M","?","E","R","E","T","R","M","E","M","E","R","B",null,"M","$","?","M","M","R","$","R","T","R","M","M","R","E","R","B"],"character_chosen":"WATCHER","items_purchased":["Shovel","Guide Book","Sling","Torii"],"campfire_rested":2,"item_purchase_floors":[19,19,24,24],"current_hp_per_floor":[72,72,58,58,58,37,37,9,9,29,31,31,31,21,41,43,67,65,65,65,67,67,67,67,67,67,67,66,45,45,48,48,0],"gold":203,"neow_bonus":"THREE_ENEMY_KILL","is_prod":false,"is_daily":false,"chose_seed":false,"campfire_upgraded":1,"win_rate":0,"timestamp":1639920995,"path_taken":["M","?","?","M","?","E","R","E","T","R","M","E","M","E","R","BOSS","M","$","?","?","?","R","$","R","T","R","M","M","R","E","R","BOSS"],"build_version":"2020-12-22","purchased_purges":0,"victory":false,"max_hp_per_floor":[72,72,72,72,67,67,67,67,67,67,67,67,67,67,67,67,67,67,67,67,67,67,67,67,67,67,67,67,67,67,67,67,67],"card_choices":[{"not_picked":["WreathOfFlame","WindmillStrike"],"picked":"FearNoEvil","floor":1},{"not_picked":["CutThroughFate","Adaptation"],"picked":"Replay:BluntJabs","floor":2},{"not_picked":["PathToVictory","Replay:BluntJabs"],"picked":"Replay:ManipulateFuture","floor":4},{"not_picked":["Adaptation","WindmillStrike"],"picked":"MentalFortress","floor":6},{"not_picked":["BattleHymn","EmptyFist"],"picked":"Replay:Hum","floor":8},{"not_picked":["FlyingSleeves","ThirdEye"],"picked":"EmptyFist","floor":11},{"not_picked":["DevaForm","FlyingSleeves"],"picked":"LessonLearned","floor":12},{"not_picked":["Replay:ManipulateFuture","Wireheading","WheelKick"],"picked":"SKIP","floor":13},{"not_picked":["Fasting2","Protect","WaveOfTheHand"],"picked":"SKIP","floor":14},{"not_picked":["Brilliance","Judgement"],"picked":"Replay:LoomingThreat","floor":16},{"not_picked":["FlyingSleeves","Meditate","Conclude"],"picked":"SKIP","floor":18},{"not_picked":["Evaluate","FlyingSleeves","Replay:BluntJabs"],"picked":"SKIP","floor":21},{"not_picked":["Replay:BluntJabs+1","FlurryOfBlows+1","ThirdEye"],"picked":"SKIP","floor":22},{"not_picked":["Alpha","JustLucky+1","Nirvana+1"],"picked":"Replay:AtTheReady","floor":28},{"not_picked":["Study","WaveOfTheHand","CutThroughFate"],"picked":"Crescendo+1","floor":29},{"not_picked":["Prostrate+1","EmptyBody","FollowUp"],"picked":"Establishment","floor":31}],"player_experience":1744100,"relics_obtained":[{"floor":6,"key":"Bird Faced Urn"},{"floor":8,"key":"ReplayFunnel"},{"floor":9,"key":"The Courier"},{"floor":12,"key":"ReplayTheSpireMod:Shallot"},{"floor":14,"key":"Iron Hammer"},{"floor":23,"key":"Du-Vu Doll"},{"floor":25,"key":"Replay:Towering Pillar of Hats"},{"floor":26,"key":"Snack Pack"},{"floor":27,"key":"Question Card"},{"floor":30,"key":"WingedGreaves"},{"floor":31,"key":"Toy Ornithopter"},{"floor":32,"key":"Replay:Mystery Machine"}],"event_choices":[{"damage_healed":0,"gold_gain":0,"player_choice":"Entered Light","damage_taken":14,"max_hp_gain":0,"max_hp_loss":0,"event_name":"Shining Light","floor":3,"gold_loss":0,"cards_upgraded":["Defend_P","Replay:BluntJabs"]},{"damage_healed":0,"gold_gain":0,"player_choice":"Lose Max HP","damage_taken":0,"relics_obtained":["Golden Idol"],"max_hp_gain":0,"max_hp_loss":5,"event_name":"Golden Idol","floor":5,"gold_loss":0},{"damage_healed":0,"gold_gain":275,"player_choice":"Desecrate","damage_taken":0,"max_hp_gain":0,"max_hp_loss":0,"event_name":"Golden Shrine","floor":20,"gold_loss":0,"cards_obtained":["Regret"]}],"is_beta":false,"boss_relics":[{"not_picked":["Replay:Drink Me","Pandora\u0027s Box"],"picked":"Runic Pyramid"}],"items_purged_floors":[],"is_endless":false,"potions_floor_spawned":[1,4,14,16,18,31],"killed_by":"Pondfish","ascension_level":1}