{"gold_per_floor":[118,128,128,128,278,310,310,336,359,372,372,388,388,388,388,463,463,477,477,487,505,505,505,92,92,119,135,135,150,150,0,0,78,78,98,0,0,18,18,53,53,53],"floor_reached":42,"playtime":1228,"items_purged":["Decay"],"score":1008,"play_id":"dcdf68fd-d719-48e7-84f2-615be971b8f4","local_time":"20220225004136","is_ascension_mode":true,"campfire_choices":[{"data":"1","floor":7.0,"key":"LIFT"},{"floor":15.0,"key":"REST"},{"data":"2","floor":23,"key":"LIFT"},{"floor":25,"key":"REST"},{"floor":32,"key":"REST"},{"floor":41,"key":"REST"}],"neow_cost":"NONE","seed_source_timestamp":612553612464600,"circlet_count":0,"master_deck":["AscendersBane","Strike_P","Strike_P+1","Strike_P+1","Defend_P","Defend_P","Defend_P","Defend_P+1","Eruption","Vigilance","Prostrate","SignatureMove","BowlingBash","Worship","EmptyMind","LessonLearned","Protect+1","Apotheosis+1","Establishment+1","Vault+1","Fasting2+1","Panacea"],"special_seed":0,"relics":["PureWater","NeowsBlessing","Blood Vial","Girya","Question Card","Ancient Tea Set","Spirit Poop","Fusion Hammer","Centennial Puzzle","Red Mask","Bag of Preparation"],"potions_floor_usage":[18,20,40,40],"damage_taken":[{"damage":0.0,"enemies":"Small Slimes","floor":1.0,"turns":1.0},{"damage":0.0,"enemies":"Cultist","floor":2.0,"turns":1.0},{"damage":0.0,"enemies":"Lagavulin","floor":6.0,"turns":3.0},{"damage":29.0,"enemies":"3 Sentries","floor":8.0,"turns":8.0},{"damage":7.0,"enemies":"Jaw Worm","floor":10.0,"turns":3.0},{"damage":0.0,"enemies":"Large Slime","floor":12.0,"turns":4.0},{"damage":3.0,"enemies":"Gremlin Nob","floor":13.0,"turns":3.0},{"damage":29,"enemies":"Slime Boss","floor":16,"turns":6},{"damage":0,"enemies":"2 Thieves","floor":18,"turns":1},{"damage":20,"enemies":"Shell Parasite","floor":20,"turns":6},{"damage":6,"enemies":"Snake Plant","floor":21,"turns":4},{"damage":13,"enemies":"Centurion and Healer","floor":27,"turns":3},{"damage":17,"enemies":"Shelled Parasite and Fungi","floor":29,"turns":7},{"damage":35,"enemies":"Champ","floor":33,"turns":11},{"damage":6,"enemies":"3 Shapes","floor":35,"turns":7},{"damage":1,"enemies":"Orb Walker","floor":38,"turns":5},{"damage":56,"enemies":"Reptomancer","floor":40,"turns":5},{"damage":42,"enemies":"Giant Head","floor":42,"turns":7}],"seed_played":"7681191998419202147","potions_obtained":[{"floor":8.0,"key":"Swift Potion"},{"floor":11.0,"key":"Fruit Juice"},{"floor":11.0,"key":"SmokeBomb"},{"floor":16,"key":"SteroidPotion"},{"floor":18,"key":"Weak Potion"},{"floor":35,"key":"SkillPotion"}],"is_trial":false,"path_per_floor":["M","M","?","?","?","E","R","E","T","M","?","M","E","?","R","B",null,"M","?","M","M","?","R","$","R","T","M","?","M","?","?","R","B",null,"M","?","$","M","?","E","R","E"],"character_chosen":"WATCHER","items_purchased":["Apotheosis","Establishment"],"campfire_rested":4,"item_purchase_floors":[24,24],"current_hp_per_floor":[61,61,61,43,43,45,45,18,18,13,18,20,19,19,40,13,58,60,48,30,26,26,26,26,47,47,36,36,21,36,36,57,24,61,57,57,57,58,58,4,25,0],"gold":53,"neow_bonus":"THREE_ENEMY_KILL","is_prod":false,"is_daily":false,"chose_seed":false,"campfire_upgraded":0,"win_rate":0,"timestamp":1645746096,"path_taken":["M","M","?","?","?","E","R","E","T","M","?","?","E","?","R","BOSS","M","?","M","?","?","R","$","R","T","M","?","?","?","?","R","BOSS","M","?","$","M","?","E","R","E"],"build_version":"2020-12-22","purchased_purges":1,"victory":false,"max_hp_per_floor":[68,68,68,68,68,68,68,68,68,68,73,73,73,73,73,73,73,73,73,73,73,73,73,73,73,73,73,73,73,73,73,73,73,73,73,73,73,73,73,73,73,73],"card_choices":[{"not_picked":["EmptyBody","ForeignInfluence"],"picked":"Prostrate","floor":1.0},{"not_picked":["Halt","JustLucky","FlyingSleeves"],"picked":"SKIP","floor":2.0},{"not_picked":["Vengeance","Evaluate"],"picked":"BowlingBash","floor":6.0},{"not_picked":["ThirdEye","Ragnarok"],"picked":"Worship","floor":8.0},{"not_picked":["Nirvana","Crescendo","Evaluate","Conclude"],"picked":"SKIP","floor":10.0},{"not_picked":["EmptyBody","Halt","FollowUp"],"picked":"EmptyMind","floor":12.0},{"not_picked":["DeusExMachina","Blasphemy","Omniscience"],"picked":"LessonLearned","floor":16},{"not_picked":["BowlingBash","EmptyBody","FlyingSleeves","EmptyFist"],"picked":"SKIP","floor":18},{"not_picked":["WheelKick","Evaluate","Consecrate"],"picked":"Protect","floor":20},{"not_picked":["EmptyFist","ForeignInfluence","Halt+1","BowlingBash"],"picked":"SKIP","floor":21},{"not_picked":["PathToVictory+1","CrushJoints","FlyingSleeves","Wish"],"picked":"SKIP","floor":27},{"not_picked":["JustLucky","Halt","BowlingBash+1","WaveOfTheHand"],"picked":"SKIP","floor":29},{"not_picked":["ConjureBlade","LessonLearned","Establishment"],"picked":"Vault","floor":33},{"not_picked":["SandsOfTime+1","InnerPeace","Wireheading"],"picked":"Fasting2+1","floor":35},{"not_picked":["CarveReality","Crescendo","EmptyMind","FollowUp"],"picked":"SKIP","floor":38},{"not_picked":["Trip","Finesse","Dark Shackles"],"picked":"Panacea","floor":39},{"not_picked":["Swivel","ForeignInfluence+1","WaveOfTheHand","Protect"],"picked":"SKIP","floor":40}],"player_experience":1788493,"relics_obtained":[{"floor":6.0,"key":"Girya"},{"floor":8.0,"key":"Question Card"},{"floor":9.0,"key":"Ancient Tea Set"},{"floor":26,"key":"Centennial Puzzle"},{"floor":40,"key":"Bag of Preparation"}],"event_choices":[{"damage_healed":0.0,"max_hp_gain":0.0,"max_hp_loss":0.0,"gold_gain":0.0,"cards_transformed":["Strike_P"],"event_name":"Living Wall","player_choice":"Change","floor":3.0,"gold_loss":0.0,"damage_taken":0.0,"cards_obtained":["SignatureMove"]},{"damage_healed":0.0,"max_hp_gain":0.0,"max_hp_loss":0.0,"gold_gain":0.0,"event_name":"Scrap Ooze","player_choice":"Success","floor":4.0,"gold_loss":0.0,"damage_taken":18.0,"relics_obtained":["Blood Vial"]},{"damage_healed":0.0,"max_hp_gain":0.0,"max_hp_loss":0.0,"gold_gain":150.0,"event_name":"Liars Game","player_choice":"AGREE","floor":5.0,"gold_loss":0.0,"damage_taken":0.0,"cards_obtained":["Doubt"]},{"damage_healed":0.0,"max_hp_gain":0.0,"max_hp_loss":0.0,"gold_gain":0.0,"event_name":"Lab","player_choice":"Got Potions","floor":11.0,"gold_loss":0.0,"damage_taken":0.0},{"cards_removed":["Doubt"],"damage_healed":0.0,"max_hp_gain":0.0,"max_hp_loss":0.0,"gold_gain":0.0,"event_name":"Bonfire Elementals","player_choice":"Offered Curse","floor":14.0,"gold_loss":0.0,"damage_taken":0.0,"relics_obtained":["Spirit Poop"]},{"damage_healed":0,"gold_gain":0,"player_choice":"POTION ","damage_taken":12,"max_hp_gain":0,"max_hp_loss":0,"event_name":"Knowing Skull","floor":19,"potions_obtained":["Explosive Potion"],"gold_loss":0,"cards_obtained":[]},{"damage_healed":0,"gold_gain":0,"player_choice":"Smashed Altar","damage_taken":0,"max_hp_gain":0,"max_hp_loss":0,"event_name":"Forgotten Altar","floor":22,"gold_loss":0,"cards_obtained":["Decay"]},{"damage_healed":0,"gold_gain":0,"player_choice":"Upgraded","damage_taken":0,"max_hp_gain":0,"max_hp_loss":0,"event_name":"Upgrade Shrine","floor":28,"gold_loss":0,"cards_upgraded":["Apotheosis"]},{"damage_healed":15,"gold_gain":0,"player_choice":"Heal","damage_taken":0,"max_hp_gain":0,"max_hp_loss":0,"event_name":"The Library","floor":30,"gold_loss":0},{"damage_healed":0,"gold_gain":0,"player_choice":"Paid Fearfully","damage_taken":0,"max_hp_gain":0,"max_hp_loss":0,"event_name":"Masked Bandits","floor":31,"gold_loss":150},{"damage_healed":0,"gold_gain":0,"player_choice":"Paid","damage_taken":0,"relics_obtained":["Red Mask"],"max_hp_gain":0,"max_hp_loss":0,"event_name":"Tomb of Lord Red Mask","floor":36,"gold_loss":98},{"damage_healed":0,"gold_gain":0,"player_choice":"Memory 1","damage_taken":0,"max_hp_gain":0,"max_hp_loss":0,"event_name":"SensoryStone","floor":39,"gold_loss":0}],"is_beta":false,"boss_relics":[{"not_picked":["VioletLotus","Pandora\u0027s Box"],"picked":"Fusion Hammer"},{"not_picked":["Runic Dome","Coffee Dripper","Snecko Eye"]}],"items_purged_floors":[24],"is_endless":false,"potions_floor_spawned":[8,13,16,18,35],"killed_by":"Giant Head","ascension_level":20}