{"gold_per_floor":[110,35,35,49,65,95,95,130,130,130,280,280,280,303,303,303],"floor_reached":16,"playtime":228,"items_purged":[],"score":212,"play_id":"377a91af-a472-4cdb-b99d-a29aacb3bf1b","local_time":"20220412005859","is_ascension_mode":true,"campfire_choices":[{"data":"WreathOfFlame","floor":7,"key":"SMITH"},{"floor":10,"key":"REST"},{"data":"Swivel","floor":12,"key":"SMITH"},{"data":"Vigilance","floor":15,"key":"SMITH"}],"neow_cost":"NONE","seed_source_timestamp":19272940194700,"circlet_count":0,"master_deck":["AscendersBane","Strike_P","Strike_P","Strike_P","Defend_P","Defend_P","Defend_P","Eruption","Vigilance+1","WreathOfFlame+1","PathToVictory","Tantrum","Swivel+1","Doubt","Injury"],"relics":["PureWater","NeowsBlessing","Kunai","StrikeDummy","Darkstone Periapt","Golden Idol","Omamori"],"potions_floor_usage":[1,8],"damage_taken":[{"damage":0,"enemies":"Small Slimes","floor":1,"turns":1},{"damage":0,"enemies":"2 Louse","floor":4,"turns":2},{"damage":0,"enemies":"Cultist","floor":5,"turns":1},{"damage":22,"enemies":"Gremlin Nob","floor":6,"turns":3},{"damage":22,"enemies":"3 Sentries","floor":8,"turns":4},{"damage":56,"enemies":"The Guardian","floor":16,"turns":4}],"seed_played":"7699031593995355287","potions_obtained":[{"floor":1,"key":"Fruit Juice"},{"floor":5,"key":"Explosive Potion"},{"floor":6,"key":"SkillPotion"}],"is_trial":false,"path_per_floor":["M","?","?","M","M","E","R","E","T","R","?","R","?","T","R","B"],"character_chosen":"WATCHER","items_purchased":[],"campfire_rested":1,"item_purchase_floors":[],"current_hp_per_floor":[66,66,66,66,66,44,44,22,22,43,49,49,55,55,55,0],"gold":303,"neow_bonus":"THREE_ENEMY_KILL","is_prod":false,"is_daily":false,"chose_seed":false,"campfire_upgraded":3,"win_rate":0,"timestamp":1649717939,"path_taken":["M","?","?","M","M","E","R","E","T","R","?","R","?","?","R","BOSS"],"build_version":"2022-03-07","purchased_purges":0,"victory":false,"max_hp_per_floor":[73,73,73,73,73,73,73,73,73,73,79,79,85,85,85,85],"card_choices":[{"not_picked":["Nirvana","FlurryOfBlows"],"picked":"WreathOfFlame","floor":1},{"not_picked":["JustLucky","Halt"],"picked":"Tantrum","floor":4},{"not_picked":["Weave","Crescendo","SignatureMove"],"picked":"SKIP","floor":5},{"not_picked":["Fasting2","Crescendo","CutThroughFate"],"picked":"SKIP","floor":6},{"not_picked":["Crescendo","EmptyBody"],"picked":"Swivel","floor":8}],"player_experience":1871169,"relics_obtained":[{"floor":6,"key":"Kunai"},{"floor":8,"key":"StrikeDummy"},{"floor":9,"key":"Darkstone Periapt"},{"floor":14,"key":"Omamori"}],"event_choices":[{"cards_removed":["Strike_P"],"damage_healed":0,"gold_gain":0,"player_choice":"Card Removal","damage_taken":0,"max_hp_gain":0,"max_hp_loss":0,"event_name":"The Cleric","floor":2,"gold_loss":75},{"damage_healed":0,"gold_gain":0,"cards_transformed":["Defend_P"],"player_choice":"Change","damage_taken":0,"max_hp_gain":0,"max_hp_loss":0,"event_name":"Living Wall","floor":3,"gold_loss":0,"cards_obtained":["PathToVictory"]},{"damage_healed":0,"gold_gain":150,"player_choice":"AGREE","damage_taken":0,"max_hp_gain":0,"max_hp_loss":0,"event_name":"Liars Game","floor":11,"gold_loss":0,"cards_obtained":["Doubt"]},{"damage_healed":0,"gold_gain":0,"player_choice":"Take Wound","damage_taken":0,"relics_obtained":["Golden Idol"],"max_hp_gain":0,"max_hp_loss":0,"event_name":"Golden Idol","floor":13,"gold_loss":0,"cards_obtained":["Injury"]}],"is_beta":false,"boss_relics":[],"items_purged_floors":[],"is_endless":false,"potions_floor_spawned":[1,5,6],"killed_by":"The Guardian","ascension_level":20}