{"gold_per_floor":[110,126,74,224,149,184,184,214,285,285],"floor_reached":10,"playtime":208,"items_purged":[],"score":198,"play_id":"80a11f57-8809-42d4-bc44-84b5dcf86976","local_time":"20221120193952","is_ascension_mode":true,"campfire_choices":[{"data":"Eruption","floor":7,"key":"SMITH"}],"neow_cost":"NONE","seed_source_timestamp":34635350281500,"circlet_count":0,"master_deck":["AscendersBane","Strike_P","Strike_P","Strike_P","Strike_P","Defend_P","Defend_P","Defend_P","Defend_P","Eruption+1","Vigilance","FearNoEvil","Worship","Evaluate","InnerPeace","Collect"],"relics":["PureWater","NeowsBlessing","Akabeko","Tiny Chest","Meat on the Bone"],"potions_floor_usage":[10],"damage_taken":[{"damage":0,"enemies":"Jaw Worm","floor":1,"turns":1},{"damage":5,"enemies":"Small Slimes","floor":2,"turns":2},{"damage":0,"enemies":"Gremlin Nob","floor":6,"turns":1},{"damage":21,"enemies":"Lagavulin","floor":8,"turns":5},{"damage":70,"enemies":"Gremlin Nob","floor":10,"turns":4}],"seed_played":"521349344022291397","potions_obtained":[{"floor":1,"key":"Energy Potion"}],"is_trial":false,"path_per_floor":["M","M","$","?","?","E","R","E","T","E"],"character_chosen":"WATCHER","items_purchased":["Evaluate"],"campfire_rested":0,"item_purchase_floors":[3],"current_hp_per_floor":[61,56,56,56,56,56,56,35,35,0],"gold":285,"neow_bonus":"THREE_ENEMY_KILL","is_prod":false,"is_daily":false,"chose_seed":false,"campfire_upgraded":1,"win_rate":0,"timestamp":1668969592,"path_taken":["M","M","$","?","?","E","R","E","T","E"],"build_version":"2022-10-04","purchased_purges":0,"victory":false,"max_hp_per_floor":[68,68,68,68,68,68,68,68,68,68],"card_choices":[{"not_picked":["ClearTheMind","CutThroughFate"],"picked":"FearNoEvil","floor":1},{"not_picked":["BattleHymn","FlyingSleeves"],"picked":"Worship","floor":2},{"not_picked":["Vengeance","Halt"],"picked":"InnerPeace","floor":6},{"not_picked":["Perseverance","BattleHymn"],"picked":"Collect","floor":8}],"player_experience":1958562,"relics_obtained":[{"floor":6,"key":"Akabeko"},{"floor":8,"key":"Tiny Chest"},{"floor":9,"key":"Meat on the Bone"}],"event_choices":[{"damage_healed":0,"gold_gain":150,"player_choice":"AGREE","damage_taken":0,"max_hp_gain":0,"max_hp_loss":0,"event_name":"Liars Game","floor":4,"gold_loss":0,"cards_obtained":["Doubt"]},{"cards_removed":["Doubt"],"damage_healed":0,"gold_gain":0,"player_choice":"Card Removal","damage_taken":0,"max_hp_gain":0,"max_hp_loss":0,"event_name":"The Cleric","floor":5,"gold_loss":75}],"is_beta":false,"boss_relics":[],"items_purged_floors":[],"is_endless":false,"potions_floor_spawned":[1],"killed_by":"Gremlin Nob","ascension_level":20}