{"gold_per_floor":[17,17,17,31,106,106,6,37,64,90,90,90,90,121,121,121],"floor_reached":16,"playtime":320,"items_purged":["Strike_P"],"score":228,"play_id":"44a9f668-1c73-477f-930d-2f01780102e9","local_time":"20230116222016","is_ascension_mode":true,"campfire_choices":[{"floor":6,"key":"REST"},{"floor":11,"key":"REST"},{"data":"Conclude","floor":13,"key":"SMITH"},{"floor":15,"key":"REST"}],"neow_cost":"NO_GOLD","seed_source_timestamp":11482092892200,"circlet_count":0,"master_deck":["AscendersBane","Strike_P","Strike_P","Strike_P","Defend_P","Defend_P","Defend_P","Defend_P","Eruption","Vigilance","Magnetism+1","Conclude+1","LikeWater","BowlingBash","Evaluate","Injury"],"relics":["PureWater","Lantern","Damaru","PreservedInsect","Boot","Golden Idol","Ancient Tea Set"],"potions_floor_usage":[10],"damage_taken":[{"damage":2,"enemies":"Jaw Worm","floor":1,"turns":3},{"damage":0,"enemies":"2 Louse","floor":4,"turns":3},{"damage":11,"enemies":"Lagavulin","floor":8,"turns":7},{"damage":8,"enemies":"Gremlin Nob","floor":10,"turns":3},{"damage":15,"enemies":"Lagavulin","floor":14,"turns":5},{"damage":53,"enemies":"Slime Boss","floor":16,"turns":6}],"seed_played":"2476294976007655263","potions_obtained":[{"floor":8,"key":"Explosive Potion"}],"is_trial":false,"path_per_floor":["M","?","?","M","?","R","$","E","T","E","R","?","R","E","R","B"],"character_chosen":"WATCHER","items_purchased":["BowlingBash"],"campfire_rested":3,"item_purchase_floors":[7],"current_hp_per_floor":[59,59,33,33,22,42,42,31,31,23,43,43,43,28,48,0],"gold":121,"neow_bonus":"RANDOM_COLORLESS_2","is_prod":false,"is_daily":false,"chose_seed":false,"campfire_upgraded":1,"win_rate":0,"timestamp":1673904016,"path_taken":["M","?","?","M","?","R","?","E","T","E","R","?","R","E","R","BOSS"],"build_version":"2022-12-18","purchased_purges":1,"victory":false,"max_hp_per_floor":[68,68,68,68,68,68,68,68,68,68,68,68,68,68,68,68],"card_choices":[{"not_picked":["Thinking Ahead","Master of Strategy"],"picked":"Magnetism","floor":0},{"not_picked":["Tantrum","Protect"],"picked":"Conclude","floor":1},{"not_picked":["Meditate","EmptyFist"],"picked":"LikeWater","floor":4},{"not_picked":["Consecrate","FlurryOfBlows","Fasting2"],"picked":"SKIP","floor":8},{"not_picked":["JustLucky","CutThroughFate"],"picked":"Evaluate","floor":10},{"not_picked":["BowlingBash","SashWhip","EmptyMind"],"picked":"SKIP","floor":14}],"player_experience":2001566,"relics_obtained":[{"floor":8,"key":"Damaru"},{"floor":9,"key":"PreservedInsect"},{"floor":10,"key":"Boot"},{"floor":14,"key":"Ancient Tea Set"}],"event_choices":[{"damage_healed":0,"gold_gain":0,"player_choice":"Grow","damage_taken":0,"max_hp_gain":0,"max_hp_loss":0,"event_name":"Living Wall","floor":2,"gold_loss":0,"cards_upgraded":["Magnetism"]},{"damage_healed":0,"gold_gain":0,"player_choice":"Success","damage_taken":26,"relics_obtained":["Lantern"],"max_hp_gain":0,"max_hp_loss":0,"event_name":"Scrap Ooze","floor":3,"gold_loss":0},{"damage_healed":0,"gold_gain":75,"player_choice":"Gather Gold","damage_taken":11,"max_hp_gain":0,"max_hp_loss":0,"event_name":"World of Goop","floor":5,"gold_loss":0},{"damage_healed":0,"gold_gain":0,"player_choice":"Take Wound","damage_taken":0,"relics_obtained":["Golden Idol"],"max_hp_gain":0,"max_hp_loss":0,"event_name":"Golden Idol","floor":12,"gold_loss":0,"cards_obtained":["Injury"]}],"is_beta":false,"boss_relics":[],"items_purged_floors":[7],"is_endless":false,"potions_floor_spawned":[8],"killed_by":"Slime Boss","ascension_level":20}