{"gold_per_floor":[20,20,40,40,55,69,86,113,140,140,140],"floor_reached":11,"playtime":427,"items_purged":[],"score":150,"play_id":"7b7f926b-362e-4890-a0a4-19e4c3f5ba2b","local_time":"20230130203521","is_ascension_mode":true,"campfire_choices":[{"floor":10,"key":"REST"}],"neow_cost":"NO_GOLD","seed_source_timestamp":301218501003000,"circlet_count":0,"master_deck":["AscendersBane","Strike_P","Strike_P","Strike_P","Defend_P","Defend_P","Defend_P","Eruption","Vigilance","WreathOfFlame","LikeWater","InnerPeace","BowlingBash","Fasting2"],"relics":["PureWater","Potion Belt","Anchor"],"potions_floor_usage":[8],"damage_taken":[{"damage":12,"enemies":"Small Slimes","floor":1,"turns":5},{"damage":0,"enemies":"Cultist","floor":3,"turns":3},{"damage":0,"enemies":"Jaw Worm","floor":5,"turns":5},{"damage":5,"enemies":"3 Louse","floor":6,"turns":3},{"damage":0,"enemies":"Exordium Wildlife","floor":7,"turns":2},{"damage":33,"enemies":"3 Sentries","floor":8,"turns":6},{"damage":40,"enemies":"Lagavulin","floor":11,"turns":7}],"seed_played":"5401471452043494001","potions_obtained":[{"floor":3,"key":"Dexterity Potion"},{"floor":5,"key":"Block Potion"}],"is_trial":false,"path_per_floor":["M","?","M","?","M","M","M","E","T","R","E"],"character_chosen":"WATCHER","items_purchased":[],"campfire_rested":1,"item_purchase_floors":[],"current_hp_per_floor":[49,49,49,42,42,37,37,4,4,24,0],"gold":140,"neow_bonus":"TRANSFORM_TWO_CARDS","is_prod":false,"is_daily":false,"chose_seed":false,"campfire_upgraded":0,"win_rate":0,"timestamp":1675107321,"path_taken":["M","?","?","?","M","M","M","E","T","R","E"],"build_version":"2022-12-18","purchased_purges":0,"victory":false,"max_hp_per_floor":[68,68,68,68,68,68,68,68,68,68,68],"card_choices":[{"not_picked":["EmptyFist","MentalFortress"],"picked":"InnerPeace","floor":1},{"not_picked":["Prostrate","ClearTheMind","Evaluate"],"picked":"SKIP","floor":3},{"not_picked":["FlyingSleeves","SandsOfTime"],"picked":"BowlingBash","floor":5},{"not_picked":["EmptyFist","ForeignInfluence","Evaluate"],"picked":"SKIP","floor":6},{"not_picked":["Evaluate","WreathOfFlame","SignatureMove"],"picked":"SKIP","floor":7},{"not_picked":["JustLucky","Consecrate"],"picked":"Fasting2","floor":8}],"player_experience":2074097,"relics_obtained":[{"floor":8,"key":"Potion Belt"},{"floor":9,"key":"Anchor"}],"event_choices":[{"damage_healed":0,"gold_gain":0,"player_choice":"Cursed","damage_taken":0,"max_hp_gain":0,"max_hp_loss":0,"event_name":"Wheel of Change","floor":2,"gold_loss":0,"cards_obtained":["Decay"]},{"cards_removed":["Decay"],"damage_healed":0,"gold_gain":0,"player_choice":"Card Removal","damage_taken":7,"max_hp_gain":0,"max_hp_loss":0,"event_name":"Golden Wing","floor":4,"gold_loss":0}],"is_beta":false,"boss_relics":[],"items_purged_floors":[],"is_endless":false,"potions_floor_spawned":[3,5,6],"killed_by":"Lagavulin","ascension_level":20}