{"gold_per_floor":[110,110,110,135,150,150,150,185,209,209,484,500,525,25,25,121,121,136,136,152,152,152,152],"floor_reached":23,"playtime":834,"items_purged":["Regret"],"score":378,"play_id":"e63c8312-4806-4337-a338-18f26a428139","local_time":"20230301160721","is_ascension_mode":true,"campfire_choices":[{"data":"Eruption","floor":7,"key":"SMITH"},{"floor":10,"key":"REST"},{"data":"Meditate","floor":15,"key":"SMITH"}],"neow_cost":"NONE","seed_source_timestamp":17391718000199,"circlet_count":0,"master_deck":["AscendersBane","Strike_P","Strike_P","Strike_P","Defend_P","Defend_P","Defend_P","Defend_P","Eruption+1","Vigilance","SashWhip","FearNoEvil","SandsOfTime","Conclude","Crescendo","Meditate+1","Panacea","Establishment","WaveOfTheHand","WindmillStrike","Indignation","Writhe"],"relics":["Sozu","Golden Idol","Happy Flower","Dream Catcher","Tiny Chest","ClockworkSouvenir","Empty Cage","Potion Belt"],"potions_floor_usage":[],"damage_taken":[{"damage":2,"enemies":"Jaw Worm","floor":1,"turns":3},{"damage":8,"enemies":"2 Louse","floor":4,"turns":3},{"damage":0,"enemies":"Cultist","floor":5,"turns":2},{"damage":26,"enemies":"Gremlin Nob","floor":8,"turns":4},{"damage":0,"enemies":"2 Fungi Beasts","floor":12,"turns":2},{"damage":7,"enemies":"3 Louse","floor":13,"turns":2},{"damage":10,"enemies":"Hexaghost","floor":16,"turns":7},{"damage":17,"enemies":"Shell Parasite","floor":18,"turns":4},{"damage":0,"enemies":"Chosen","floor":20,"turns":3},{"damage":45,"enemies":"Slavers","floor":23,"turns":2}],"seed_played":"-4213694114626417989","potions_obtained":[],"is_trial":false,"path_per_floor":["M","?","?","M","M","?","R","E","T","R","?","M","M","$","R","B",null,"M","?","M","?","?","E"],"character_chosen":"WATCHER","items_purchased":["Tiny Chest","ClockworkSouvenir","Panacea"],"campfire_rested":1,"item_purchase_floors":[14,14,14],"current_hp_per_floor":[59,59,59,51,51,51,51,25,25,45,45,45,38,38,38,28,58,41,41,41,41,41,0],"gold":152,"neow_bonus":"BOSS_RELIC","is_prod":false,"is_daily":false,"chose_seed":false,"campfire_upgraded":2,"win_rate":0,"timestamp":1677683241,"path_taken":["M","?","?","?","M","?","R","E","T","R","?","M","M","$","R","BOSS","M","?","M","?","?","E"],"build_version":"2022-12-18","purchased_purges":1,"victory":false,"max_hp_per_floor":[68,68,68,68,68,68,68,68,68,68,68,68,68,68,68,68,68,68,68,68,68,68,68],"card_choices":[{"not_picked":["FlurryOfBlows","MentalFortress"],"picked":"SashWhip","floor":1},{"not_picked":["Crescendo","FollowUp"],"picked":"FearNoEvil","floor":4},{"not_picked":["CrushJoints","Omniscience"],"picked":"SandsOfTime","floor":5},{"not_picked":["Prostrate","FlyingSleeves"],"picked":"Conclude","floor":8},{"not_picked":["CrushJoints","FollowUp"],"picked":"Crescendo","floor":10},{"not_picked":["Prostrate","BattleHymn","FlyingSleeves"],"picked":"SKIP","floor":12},{"not_picked":["Conclude","Indignation"],"picked":"Meditate","floor":13},{"not_picked":["DevaForm","MasterReality"],"picked":"Establishment","floor":16},{"not_picked":["ClearTheMind","Halt"],"picked":"WaveOfTheHand","floor":18},{"not_picked":["ThirdEye","ClearTheMind"],"picked":"Indignation","floor":20}],"player_experience":2182172,"relics_obtained":[{"floor":8,"key":"Happy Flower"},{"floor":9,"key":"Dream Catcher"}],"event_choices":[{"damage_healed":0,"gold_gain":0,"player_choice":"Take Wound","damage_taken":0,"relics_obtained":["Golden Idol"],"max_hp_gain":0,"max_hp_loss":0,"event_name":"Golden Idol","floor":2,"gold_loss":0,"cards_obtained":["Injury"]},{"damage_healed":0,"gold_gain":0,"player_choice":"Got Potions","damage_taken":0,"max_hp_gain":0,"max_hp_loss":0,"event_name":"Lab","floor":3,"gold_loss":0},{"damage_healed":0,"gold_gain":0,"player_choice":"Ignored","damage_taken":0,"max_hp_gain":0,"max_hp_loss":0,"event_name":"Liars Game","floor":6,"gold_loss":0},{"damage_healed":0,"gold_gain":275,"player_choice":"Desecrate","damage_taken":0,"max_hp_gain":0,"max_hp_loss":0,"event_name":"Golden Shrine","floor":11,"gold_loss":0,"cards_obtained":["Regret"]},{"damage_healed":0,"gold_gain":0,"player_choice":"Read","damage_taken":0,"max_hp_gain":0,"max_hp_loss":0,"event_name":"The Library","floor":19,"gold_loss":0,"cards_obtained":["WindmillStrike"]},{"damage_healed":0,"gold_gain":0,"player_choice":"Ignored","damage_taken":0,"max_hp_gain":0,"max_hp_loss":0,"event_name":"Vampires","floor":21,"gold_loss":0},{"damage_healed":0,"gold_gain":0,"player_choice":"Opened","damage_taken":0,"relics_obtained":["Potion Belt"],"max_hp_gain":0,"max_hp_loss":0,"event_name":"The Mausoleum","floor":22,"gold_loss":0,"cards_obtained":["Writhe"]}],"is_beta":false,"boss_relics":[{"not_picked":["Ectoplasm","Fusion Hammer"],"picked":"Empty Cage"}],"items_purged_floors":[14],"is_endless":false,"potions_floor_spawned":[4,8,12,16],"killed_by":"Slavers","ascension_level":20}