{"gold_per_floor":[112,9,22,22,36,71,35,62,62,27,27,27],"floor_reached":12,"playtime":371,"items_purged":["Doubt"],"score":172,"play_id":"59d1a3c5-6a44-486c-8e65-e7f061502e2f","local_time":"20230225221107","is_ascension_mode":true,"campfire_choices":[{"data":"Alpha","floor":11,"key":"SMITH"}],"neow_cost":"CURSE","seed_source_timestamp":2553459899045900,"circlet_count":0,"master_deck":["AscendersBane","Strike_P","Strike_P","Strike_P","Defend_P","Defend_P","Defend_P","Defend_P","Eruption","Vigilance","Alpha+1","MentalFortress","Evaluate","ThirdEye","Protect","Nirvana"],"relics":["PureWater","Pantograph","Lizard Tail","Bird Faced Urn"],"potions_floor_usage":[6,8],"damage_taken":[{"damage":29,"enemies":"Small Slimes","floor":1,"turns":6},{"damage":3,"enemies":"2 Louse","floor":3,"turns":4},{"damage":4,"enemies":"Cultist","floor":5,"turns":4},{"damage":1,"enemies":"Lagavulin","floor":6,"turns":7},{"damage":15,"enemies":"3 Sentries","floor":8,"turns":4},{"damage":72,"enemies":"Gremlin Nob","floor":12,"turns":4}],"seed_played":"4759444636551729343","potions_obtained":[{"floor":5,"key":"DistilledChaos"},{"floor":6,"key":"SneckoOil"}],"is_trial":false,"path_per_floor":["M","$","M","?","M","E","?","E","T","?","R","E"],"character_chosen":"WATCHER","items_purchased":["Evaluate"],"campfire_rested":0,"item_purchase_floors":[2],"current_hp_per_floor":[32,32,29,22,18,17,17,2,2,19,19,0],"gold":27,"neow_bonus":"THREE_RARE_CARDS","is_prod":false,"is_daily":false,"chose_seed":false,"campfire_upgraded":1,"win_rate":0,"timestamp":1677359467,"path_taken":["M","$","M","?","M","E","?","E","T","?","R","E"],"build_version":"2022-12-18","purchased_purges":1,"victory":false,"max_hp_per_floor":[68,68,68,68,68,68,68,68,68,68,68,68],"card_choices":[{"not_picked":["SpiritShield","MasterReality"],"picked":"Alpha","floor":0},{"not_picked":["CrushJoints","Consecrate"],"picked":"MentalFortress","floor":1},{"not_picked":["Consecrate","Indignation"],"picked":"ThirdEye","floor":3},{"not_picked":["CrushJoints","TalkToTheHand"],"picked":"Protect","floor":5},{"not_picked":["Conclude","FlurryOfBlows"],"picked":"Nirvana","floor":6},{"not_picked":["FlurryOfBlows","SashWhip","FlyingSleeves"],"picked":"SKIP","floor":8}],"player_experience":2159710,"relics_obtained":[{"floor":6,"key":"Pantograph"},{"floor":8,"key":"Lizard Tail"},{"floor":9,"key":"Bird Faced Urn"}],"event_choices":[{"cards_removed":["Strike_P"],"damage_healed":0,"gold_gain":0,"player_choice":"Card Removal","damage_taken":7,"max_hp_gain":0,"max_hp_loss":0,"event_name":"Golden Wing","floor":4,"gold_loss":0},{"damage_healed":0,"gold_gain":0,"player_choice":"Left Gold","damage_taken":0,"max_hp_gain":0,"max_hp_loss":0,"event_name":"World of Goop","floor":7,"gold_loss":36},{"damage_healed":17,"gold_gain":0,"player_choice":"Healed","damage_taken":0,"max_hp_gain":0,"max_hp_loss":0,"event_name":"The Cleric","floor":10,"gold_loss":35}],"is_beta":false,"boss_relics":[],"items_purged_floors":[2],"is_endless":false,"potions_floor_spawned":[5,6],"killed_by":"Gremlin Nob","ascension_level":20}