{"gold_per_floor":[115,115,130,130,146,146,171,211,260,273,19,19,54,78,78,167,167,192,192,34,34,55,55,96,96,96,115,115,134,167,107,107,200,200,214,1213,12,31,31,72,72,72],"floor_reached":42,"playtime":1432,"items_purged":["Injury","Normality"],"score":1023,"play_id":"27cb00f6-be80-4f4b-91dd-bdb1b29a1d8a","local_time":"20230304230635","is_ascension_mode":true,"campfire_choices":[{"data":"SignatureMove","floor":6,"key":"SMITH"},{"data":"ForeignInfluence","floor":12,"key":"SMITH"},{"data":"Eruption","floor":15,"key":"SMITH"},{"data":"LessonLearned","floor":23,"key":"SMITH"},{"floor":28,"key":"REST"},{"floor":32,"key":"REST"},{"floor":41,"key":"REST"}],"neow_cost":"NONE","seed_source_timestamp":301151614702000,"circlet_count":0,"master_deck":["AscendersBane","Strike_P","Strike_P","Strike_P","Strike_P","Defend_P","Defend_P","Defend_P","Defend_P","Eruption+1","Vigilance","ForeignInfluence+1","FlurryOfBlows","SignatureMove+1","EmptyBody","BattleHymn","FlurryOfBlows","Swift Strike","Protect","EmptyFist","ForeignInfluence","ClearTheMind","Collect","FearNoEvil","ForeignInfluence","MasterReality","Scrawl","InnerPeace+1","Normality"],"relics":["SlaversCollar","Golden Idol","Kunai","Nunchaku","Omamori","Blood Vial","Cursed Key","Toy Ornithopter","Lee\u0027s Waffle","Akabeko","The Courier","Vajra","Fusion Hammer","Sling","Bag of Marbles","Bottled Tornado","Sundial","HornCleat","PreservedInsect","Lantern","Ancient Tea Set"],"potions_floor_usage":[7,16,16,24,33,35],"damage_taken":[{"damage":12,"enemies":"2 Louse","floor":1,"turns":3},{"damage":4,"enemies":"Small Slimes","floor":3,"turns":3},{"damage":9,"enemies":"Cultist","floor":5,"turns":5},{"damage":1,"enemies":"3 Louse","floor":7,"turns":3},{"damage":13,"enemies":"3 Sentries","floor":8,"turns":9},{"damage":2,"enemies":"Blue Slaver","floor":10,"turns":3},{"damage":15,"enemies":"Lagavulin","floor":13,"turns":4},{"damage":10,"enemies":"Exordium Thugs","floor":14,"turns":3},{"damage":1,"enemies":"Hexaghost","floor":16,"turns":7},{"damage":35,"enemies":"Shell Parasite","floor":18,"turns":7},{"damage":12,"enemies":"Spheric Guardian","floor":22,"turns":4},{"damage":63,"enemies":"Book of Stabbing","floor":24,"turns":6},{"damage":28,"enemies":"Centurion and Healer","floor":27,"turns":5},{"damage":33,"enemies":"Cultist and Chosen","floor":29,"turns":6},{"damage":21,"enemies":"Gremlin Leader","floor":30,"turns":7},{"damage":37,"enemies":"Champ","floor":33,"turns":8},{"damage":6,"enemies":"Orb Walker","floor":35,"turns":2},{"damage":4,"enemies":"3 Shapes","floor":38,"turns":3},{"damage":43,"enemies":"Giant Head","floor":40,"turns":6},{"damage":47,"enemies":"Transient","floor":42,"turns":5}],"seed_played":"-6094965015191850070","potions_obtained":[{"floor":5,"key":"Fire Potion"},{"floor":8,"key":"FearPotion"},{"floor":10,"key":"ColorlessPotion"},{"floor":18,"key":"EssenceOfSteel"},{"floor":24,"key":"DuplicationPotion"},{"floor":30,"key":"Ambrosia"},{"floor":33,"key":"FearPotion"},{"floor":35,"key":"LiquidBronze"}],"is_trial":false,"path_per_floor":["M","?","M","?","M","R","M","E","T","M","$","R","E","M","R","B",null,"M","?","$","?","M","R","E","?","T","M","R","M","E","$","R","B",null,"M","?","$","M","?","E","R","M"],"character_chosen":"WATCHER","items_purchased":["Swift Strike","Omamori","Lee\u0027s Waffle","Sling","Bag of Marbles","Bottled Tornado","Sundial","HornCleat","PreservedInsect","Lantern"],"campfire_rested":3,"item_purchase_floors":[11,11,20,37,37,37,37,37,37,37],"current_hp_per_floor":[49,68,64,64,55,55,54,41,41,39,39,39,24,16,16,17,55,22,22,75,75,63,63,7,85,85,57,82,51,32,32,57,27,71,72,72,72,70,70,29,54,9],"gold":72,"neow_bonus":"BOSS_RELIC","is_prod":false,"is_daily":false,"chose_seed":false,"campfire_upgraded":4,"win_rate":0,"timestamp":1677967595,"path_taken":["M","?","M","?","M","R","M","E","T","M","$","R","E","M","R","BOSS","M","?","$","?","M","R","E","?","T","?","R","M","E","$","R","BOSS","M","?","$","M","?","E","R","?"],"build_version":"2022-12-18","purchased_purges":2,"victory":false,"max_hp_per_floor":[68,68,68,68,68,68,68,68,68,68,68,68,68,68,68,68,68,68,68,75,75,75,75,75,85,85,85,85,85,85,85,85,85,85,85,85,85,85,85,85,85,85],"card_choices":[{"not_picked":["CutThroughFate","ThirdEye"],"picked":"ForeignInfluence","floor":1},{"not_picked":["Halt","FollowUp"],"picked":"FlurryOfBlows","floor":3},{"not_picked":["Consecrate","Evaluate"],"picked":"SignatureMove","floor":5},{"not_picked":["WaveOfTheHand","Perseverance"],"picked":"EmptyBody","floor":7},{"not_picked":["Study","WaveOfTheHand"],"picked":"BattleHymn","floor":8},{"not_picked":["BowlingBash","Indignation"],"picked":"FlurryOfBlows","floor":10},{"not_picked":["PathToVictory","Adaptation","SashWhip"],"picked":"SKIP","floor":13},{"not_picked":["Tantrum","SashWhip"],"picked":"Protect","floor":14},{"not_picked":["Vault","Ragnarok"],"picked":"LessonLearned","floor":16},{"not_picked":["CutThroughFate","SashWhip"],"picked":"EmptyFist","floor":18},{"not_picked":["FollowUp","LikeWater"],"picked":"ClearTheMind","floor":22},{"not_picked":["WindmillStrike","EmptyFist"],"picked":"Collect","floor":24},{"not_picked":["ForeignInfluence","Study"],"picked":"FearNoEvil","floor":27},{"not_picked":["Nirvana","BowlingBash"],"picked":"ForeignInfluence","floor":29},{"not_picked":["WheelKick","ThirdEye"],"picked":"MasterReality","floor":30},{"not_picked":["Ragnarok","DeusExMachina"],"picked":"Scrawl","floor":33},{"not_picked":["WreathOfFlame","Consecrate"],"picked":"InnerPeace+1","floor":35},{"not_picked":["ThirdEye","CrushJoints","Weave"],"picked":"SKIP","floor":38},{"not_picked":["EmptyBody","CutThroughFate","Worship"],"picked":"SKIP","floor":40}],"player_experience":2197624,"relics_obtained":[{"floor":8,"key":"Kunai"},{"floor":9,"key":"Nunchaku"},{"floor":13,"key":"Blood Vial"},{"floor":24,"key":"Akabeko"},{"floor":26,"key":"The Courier"},{"floor":30,"key":"Vajra"},{"floor":40,"key":"Ancient Tea Set"}],"event_choices":[{"damage_healed":22,"gold_gain":0,"player_choice":"Banana","damage_taken":0,"max_hp_gain":0,"max_hp_loss":0,"event_name":"Big Fish","floor":2,"gold_loss":0},{"damage_healed":0,"gold_gain":0,"player_choice":"Take Wound","damage_taken":0,"relics_obtained":["Golden Idol"],"max_hp_gain":0,"max_hp_loss":0,"event_name":"Golden Idol","floor":4,"gold_loss":0,"cards_obtained":["Injury"]},{"damage_healed":0,"gold_gain":0,"player_choice":"Opened","damage_taken":0,"relics_obtained":["Toy Ornithopter"],"max_hp_gain":0,"max_hp_loss":0,"event_name":"The Mausoleum","floor":19,"gold_loss":0,"cards_obtained":["Writhe"]},{"damage_healed":0,"gold_gain":0,"player_choice":"Read","damage_taken":0,"max_hp_gain":0,"max_hp_loss":0,"event_name":"The Library","floor":21,"gold_loss":0,"cards_obtained":["ForeignInfluence"]},{"cards_removed":["LessonLearned"],"damage_healed":68,"gold_gain":0,"player_choice":"Offered Rare","damage_taken":0,"max_hp_gain":10,"max_hp_loss":0,"event_name":"Bonfire Elementals","floor":25,"gold_loss":0},{"damage_healed":0,"gold_gain":999,"player_choice":"Gold","damage_taken":0,"max_hp_gain":0,"max_hp_loss":0,"event_name":"MindBloom","floor":36,"gold_loss":0,"cards_obtained":["Normality","Normality"]},{"damage_healed":0,"gold_gain":0,"player_choice":"Ignored","damage_taken":0,"max_hp_gain":0,"max_hp_loss":0,"event_name":"SecretPortal","floor":39,"gold_loss":0}],"is_beta":false,"boss_relics":[{"not_picked":["Coffee Dripper","Runic Dome"],"picked":"Cursed Key"},{"not_picked":["SacredBark","Sozu"],"picked":"Fusion Hammer"}],"items_purged_floors":[31,37],"is_endless":false,"potions_floor_spawned":[5,8,10,13,18,24,30,33,35,40],"killed_by":"Transient","ascension_level":20}