{"gold_per_floor":[114,114,114,128,39,65,65,100,127,184,218,247,264,283,283,362,362,379,63,78,78,89,120,120,145,145,145,46,46,46,46,46,46],"floor_reached":33,"playtime":873,"items_purged":[],"score":698,"play_id":"25bd787d-e4d3-4b1e-931e-faa4adce6d37","local_time":"20230310233022","is_ascension_mode":true,"campfire_choices":[{"data":"Eruption","floor":7,"key":"SMITH"},{"floor":15,"key":"REST"},{"floor":24,"key":"DIG"},{"floor":27,"key":"REST"},{"floor":29,"key":"DIG"},{"floor":32,"key":"REST"}],"neow_cost":"NONE","seed_source_timestamp":821550210871300,"circlet_count":0,"master_deck":["AscendersBane","Strike_P","Strike_P","Strike_P","Strike_P","Defend_P","Defend_P+1","Defend_P","Eruption+1","Vigilance","Protect+1","CrushJoints","Blind","Conclude","WheelKick","FearNoEvil","Evaluate","Establishment","ClearTheMind","DeceiveReality","Trip"],"relics":["PureWater","NeowsBlessing","Bronze Scales","Orichalcum","PreservedInsect","Tiny Chest","Bag of Marbles","Odd Mushroom","SacredBark","Shovel","Darkstone Periapt","Turnip","Sundial","CeramicFish","Gremlin Horn","Kunai","Nloth\u0027s Gift"],"potions_floor_usage":[22,23,33],"damage_taken":[{"damage":0,"enemies":"Small Slimes","floor":1,"turns":1},{"damage":0,"enemies":"Jaw Worm","floor":4,"turns":1},{"damage":0,"enemies":"3 Sentries","floor":6,"turns":2},{"damage":16,"enemies":"Gremlin Nob","floor":8,"turns":3},{"damage":0,"enemies":"Gremlin Nob","floor":10,"turns":1},{"damage":0,"enemies":"Lagavulin","floor":11,"turns":2},{"damage":1,"enemies":"The Mushroom Lair","floor":12,"turns":3},{"damage":0,"enemies":"2 Louse","floor":13,"turns":1},{"damage":0,"enemies":"Looter","floor":14,"turns":3},{"damage":3,"enemies":"Slime Boss","floor":16,"turns":5},{"damage":0,"enemies":"Spheric Guardian","floor":18,"turns":1},{"damage":0,"enemies":"Shell Parasite","floor":20,"turns":1},{"damage":3,"enemies":"3 Cultists","floor":22,"turns":4},{"damage":17,"enemies":"Slavers","floor":23,"turns":4},{"damage":30,"enemies":"Book of Stabbing","floor":25,"turns":5},{"damage":35,"enemies":"Champ","floor":33,"turns":20}],"seed_played":"7698257825303427146","potions_obtained":[{"floor":6,"key":"SkillPotion"},{"floor":11,"key":"StancePotion"},{"floor":13,"key":"PowerPotion"},{"floor":22,"key":"Swift Potion"}],"is_trial":false,"path_per_floor":["M","?","?","M","$","E","R","E","T","?","E","?","M","M","R","B",null,"M","$","M","T","M","E","R","E","T","R","$","R","?","?","R","B"],"character_chosen":"WATCHER","items_purchased":["Blind","Shovel","Trip"],"campfire_rested":3,"item_purchase_floors":[5,19,28],"current_hp_per_floor":[61,41,34,34,34,34,34,18,18,18,18,17,17,17,37,34,60,60,60,60,60,57,40,40,10,10,30,30,30,9,9,29,0],"gold":46,"neow_bonus":"THREE_ENEMY_KILL","is_prod":false,"is_daily":false,"chose_seed":false,"campfire_upgraded":1,"win_rate":0,"timestamp":1678487422,"path_taken":["M","?","?","M","$","E","R","E","T","?","E","?","?","M","R","BOSS","M","$","?","?","M","E","R","E","T","R","$","R","?","?","R","BOSS"],"build_version":"2022-12-18","purchased_purges":0,"victory":false,"max_hp_per_floor":[68,68,68,68,68,68,68,68,68,68,68,68,68,68,68,68,68,68,68,68,68,68,68,68,68,68,68,68,68,68,68,68,68],"card_choices":[{"not_picked":["Crescendo","CarveReality"],"picked":"Protect","floor":1},{"not_picked":["EmptyBody","Indignation"],"picked":"CrushJoints","floor":4},{"not_picked":["JustLucky","Consecrate"],"picked":"Conclude","floor":6},{"not_picked":["Tantrum","Prostrate"],"picked":"WheelKick","floor":8},{"not_picked":["ForeignInfluence","BattleHymn"],"picked":"FearNoEvil","floor":10},{"not_picked":["PathToVictory","WheelKick","SashWhip"],"picked":"SKIP","floor":11},{"not_picked":["Halt","SignatureMove","Weave"],"picked":"SKIP","floor":13},{"not_picked":["FlyingSleeves","FlurryOfBlows"],"picked":"Evaluate","floor":14},{"not_picked":["DevaForm","SpiritShield"],"picked":"Establishment","floor":16},{"not_picked":["EmptyFist","PathToVictory","Consecrate"],"picked":"SKIP","floor":18},{"not_picked":["Evaluate","JustLucky"],"picked":"ClearTheMind","floor":20},{"not_picked":["Fasting2","CrushJoints"],"picked":"DeceiveReality","floor":22},{"not_picked":["SignatureMove+1","Evaluate","Establishment"],"picked":"SKIP","floor":23},{"not_picked":["Protect","SashWhip","Fasting2"],"picked":"SKIP","floor":25}],"player_experience":2226153,"relics_obtained":[{"floor":6,"key":"Bronze Scales"},{"floor":8,"key":"Orichalcum"},{"floor":9,"key":"PreservedInsect"},{"floor":10,"key":"Tiny Chest"},{"floor":11,"key":"Bag of Marbles"},{"floor":12,"key":"Odd Mushroom"},{"floor":21,"key":"Darkstone Periapt"},{"floor":23,"key":"Turnip"},{"floor":24,"key":"Sundial"},{"floor":25,"key":"CeramicFish"},{"floor":26,"key":"Gremlin Horn"},{"floor":29,"key":"Kunai"},{"floor":30,"key":"Nilry\u0027s Codex"}],"event_choices":[{"damage_healed":0,"gold_gain":0,"player_choice":"Entered Light","damage_taken":20,"max_hp_gain":0,"max_hp_loss":0,"event_name":"Shining Light","floor":2,"gold_loss":0,"cards_upgraded":["Defend_P","Protect"]},{"cards_removed":["Defend_P"],"damage_healed":0,"gold_gain":0,"player_choice":"Card Removal","damage_taken":7,"max_hp_gain":0,"max_hp_loss":0,"event_name":"Golden Wing","floor":3,"gold_loss":0},{"damage_healed":0,"gold_gain":30,"player_choice":"Searched \u00272\u0027 times","damage_taken":0,"max_hp_gain":0,"max_hp_loss":0,"event_name":"Dead Adventurer","floor":10,"gold_loss":0},{"damage_healed":0,"gold_gain":0,"player_choice":"Fought Mushrooms","damage_taken":0,"max_hp_gain":0,"max_hp_loss":0,"event_name":"Mushrooms","floor":12,"gold_loss":0},{"damage_healed":0,"gold_gain":0,"player_choice":"Obtained Book","damage_taken":21,"max_hp_gain":0,"max_hp_loss":0,"event_name":"Cursed Tome","floor":30,"gold_loss":0},{"damage_healed":0,"gold_gain":0,"player_choice":"Traded Relic","damage_taken":0,"relics_obtained":["Nloth\u0027s Gift"],"max_hp_gain":0,"max_hp_loss":0,"event_name":"N\u0027loth","floor":31,"relics_lost":["Nilry\u0027s Codex"],"gold_loss":0}],"is_beta":false,"boss_relics":[{"not_picked":["Ectoplasm","Philosopher\u0027s Stone"],"picked":"SacredBark"}],"items_purged_floors":[],"is_endless":false,"potions_floor_spawned":[6,11,13,14,20,22],"killed_by":"Champ","ascension_level":20}