{"gold_per_floor":[114,130,155,120,137,137,170,170,170,170,170,190,217,46,46,121,121,140,140],"floor_reached":19,"playtime":540,"items_purged":[],"score":450,"play_id":"e9df1e38-ea73-4db8-af19-e9853382ee80","local_time":"20230315105058","is_ascension_mode":true,"campfire_choices":[{"data":"Ragnarok","floor":6,"key":"SMITH"},{"data":"ConjureBlade","floor":8,"key":"SMITH"},{"data":"Devotion","floor":10,"key":"SMITH"},{"floor":15,"key":"REST"}],"neow_cost":"NONE","seed_source_timestamp":1208326846652800,"circlet_count":0,"master_deck":["AscendersBane","Eruption+1","Vigilance","Ragnarok+1","ForeignInfluence","Devotion+1","SashWhip","Crescendo","Perseverance","Vengeance","ConjureBlade+1","Sanctity","EmptyFist+1","Evaluate","Indignation","WindmillStrike","Halt","DevaForm","CurseOfTheBell","Protect+1"],"relics":["Pandora\u0027s Box","Whetstone","Damaru","Lantern","Art of War","Regal Pillow","Calling Bell","Blood Vial","The Courier","StoneCalendar"],"potions_floor_usage":[13,18],"damage_taken":[{"damage":0,"enemies":"Cultist","floor":1,"turns":3},{"damage":7,"enemies":"Small Slimes","floor":2,"turns":3},{"damage":3,"enemies":"Jaw Worm","floor":5,"turns":2},{"damage":8,"enemies":"Gremlin Nob","floor":7,"turns":3},{"damage":26,"enemies":"Exordium Thugs","floor":12,"turns":4},{"damage":28,"enemies":"3 Sentries","floor":13,"turns":3},{"damage":0,"enemies":"Slime Boss","floor":16,"turns":4},{"damage":33,"enemies":"3 Byrds","floor":18,"turns":4},{"damage":37,"enemies":"Shell Parasite","floor":19,"turns":2}],"seed_played":"4077893127150468521","potions_obtained":[{"floor":1,"key":"Regen Potion"},{"floor":2,"key":"Weak Potion"},{"floor":12,"key":"Energy Potion"}],"is_trial":false,"path_per_floor":["M","M","T","?","M","R","E","R","T","R","$","M","E","$","R","B",null,"M","M"],"character_chosen":"WATCHER","items_purchased":["Regal Pillow"],"campfire_rested":1,"item_purchase_floors":[14],"current_hp_per_floor":[61,54,54,68,65,65,57,57,57,57,57,31,12,12,47,47,63,32,0],"gold":140,"neow_bonus":"BOSS_RELIC","is_prod":false,"is_daily":false,"chose_seed":false,"campfire_upgraded":3,"win_rate":0,"timestamp":1678873858,"path_taken":["M","M","?","?","?","R","E","R","T","R","?","M","E","$","R","BOSS","M","M"],"build_version":"2022-12-18","purchased_purges":0,"victory":false,"max_hp_per_floor":[68,68,68,68,68,68,68,68,68,68,68,68,68,68,68,68,68,68,68],"card_choices":[{"not_picked":["CarveReality","Perseverance"],"picked":"Sanctity","floor":1},{"not_picked":["PathToVictory","Fasting2"],"picked":"EmptyFist","floor":2},{"not_picked":["JustLucky","SashWhip"],"picked":"Evaluate","floor":5},{"not_picked":["FlyingSleeves","JustLucky"],"picked":"Indignation","floor":7},{"not_picked":["Halt","EmptyFist"],"picked":"WindmillStrike","floor":12},{"not_picked":["Consecrate","WaveOfTheHand"],"picked":"Halt","floor":13},{"not_picked":["Wish","Alpha"],"picked":"DevaForm","floor":16},{"not_picked":["Prostrate","ClearTheMind"],"picked":"Protect+1","floor":18}],"player_experience":2236234,"relics_obtained":[{"floor":3,"key":"Whetstone"},{"floor":7,"key":"Damaru"},{"floor":9,"key":"Lantern"},{"floor":13,"key":"Art of War"},{"floor":17,"key":"Blood Vial"},{"floor":17,"key":"The Courier"},{"floor":17,"key":"StoneCalendar"}],"event_choices":[{"damage_healed":17,"gold_gain":0,"player_choice":"Healed","damage_taken":0,"max_hp_gain":0,"max_hp_loss":0,"event_name":"The Cleric","floor":4,"gold_loss":35}],"is_beta":false,"boss_relics":[{"not_picked":["Ectoplasm","Runic Dome"],"picked":"Calling Bell"}],"items_purged_floors":[],"is_endless":false,"potions_floor_spawned":[1,2,12],"killed_by":"Shell Parasite","ascension_level":20}