{"gold_per_floor":[111,127,143,162,179,179,329,329,329,364,292,44,71,87,87,161,161,172,182,192,192,207,233,233,274,274,292,320,320,300,322,322,405,405,426,453,475,475],"floor_reached":38,"playtime":1552,"items_purged":["Doubt"],"score":1014,"play_id":"9cd1f80d-4164-48c1-b221-1cbee6c74b40","local_time":"20230310174342","is_ascension_mode":true,"campfire_choices":[{"floor":6,"key":"REST"},{"data":"WindmillStrike","floor":8,"key":"SMITH"},{"data":"Blasphemy","floor":15,"key":"SMITH"},{"floor":24,"key":"REST"},{"data":"WreathOfFlame","floor":29,"key":"SMITH"},{"data":"WindmillStrike","floor":32,"key":"SMITH"}],"neow_cost":"TEN_PERCENT_HP_LOSS","seed_source_timestamp":800067888455300,"circlet_count":0,"master_deck":["AscendersBane","Strike_P+1","Strike_P","Strike_P+1","Strike_P+1","Defend_P+1","Defend_P","Defend_P+1","Defend_P+1","Eruption+1","Vigilance+1","LessonLearned+1","WindmillStrike+1","LikeWater","Conclude+1","Swivel+1","Blasphemy+1","ForeignInfluence+1","ConjureBlade","Swivel","WindmillStrike+1","Writhe","WreathOfFlame+1","Scrawl","ForeignInfluence","Adaptation+1","ConjureBlade","LikeWater+1","Perseverance","TalkToTheHand+1"],"relics":["PureWater","Meat on the Bone","Frozen Egg 2","CaptainsWheel","Medical Kit","Darkstone Periapt","Snecko Eye","Yang","CeramicFish","CloakClasp","Dead Branch","Fusion Hammer"],"potions_floor_usage":[10,23,25,33,37,38,38],"damage_taken":[{"damage":4,"enemies":"Jaw Worm","floor":1,"turns":6},{"damage":0,"enemies":"Cultist","floor":2,"turns":2},{"damage":2,"enemies":"2 Louse","floor":3,"turns":3},{"damage":3,"enemies":"Blue Slaver","floor":4,"turns":6},{"damage":17,"enemies":"Lots of Slimes","floor":5,"turns":3},{"damage":15,"enemies":"Lagavulin","floor":10,"turns":6},{"damage":0,"enemies":"Gremlin Nob","floor":13,"turns":2},{"damage":18,"enemies":"Exordium Thugs","floor":14,"turns":3},{"damage":5,"enemies":"Slime Boss","floor":16,"turns":7},{"damage":0,"enemies":"Chosen","floor":18,"turns":3},{"damage":0,"enemies":"Spheric Guardian","floor":19,"turns":2},{"damage":0,"enemies":"3 Cultists","floor":20,"turns":5},{"damage":11,"enemies":"Snake Plant","floor":22,"turns":5},{"damage":27,"enemies":"Slavers","floor":23,"turns":5},{"damage":28,"enemies":"Book of Stabbing","floor":25,"turns":4},{"damage":0,"enemies":"Cultist and Chosen","floor":27,"turns":5},{"damage":0,"enemies":"3 Cultists","floor":28,"turns":3},{"damage":10,"enemies":"Snake Plant","floor":31,"turns":4},{"damage":0,"enemies":"Automaton","floor":33,"turns":6},{"damage":0,"enemies":"3 Shapes","floor":35,"turns":1},{"damage":2,"enemies":"Orb Walker","floor":36,"turns":4},{"damage":31,"enemies":"3 Darklings","floor":37,"turns":6},{"damage":100031,"enemies":"2 Orb Walkers","floor":38,"turns":4}],"seed_played":"-7049948041684231986","potions_obtained":[{"floor":4,"key":"SkillPotion"},{"floor":13,"key":"Dexterity Potion"},{"floor":16,"key":"SteroidPotion"},{"floor":20,"key":"Swift Potion"},{"floor":25,"key":"Explosive Potion"},{"floor":27,"key":"Strength Potion"},{"floor":30,"key":"AttackPotion"},{"floor":36,"key":"Strength Potion"},{"floor":37,"key":"BottledMiracle"}],"is_trial":false,"path_per_floor":["M","M","M","M","M","R","?","R","T","E","?","$","E","M","R","B",null,"M","M","M","?","M","E","R","E","T","M","M","R","?","M","R","B",null,"M","M","M","?"],"character_chosen":"WATCHER","items_purchased":["Medical Kit"],"campfire_rested":2,"item_purchase_floors":[12],"current_hp_per_floor":[57,57,55,52,35,53,53,53,53,38,38,38,38,32,32,39,56,56,56,56,62,51,36,56,40,40,40,40,40,40,42,42,42,62,62,60,41,0],"gold":475,"neow_bonus":"THREE_RARE_CARDS","is_prod":false,"is_daily":false,"chose_seed":false,"campfire_upgraded":4,"win_rate":0,"timestamp":1678466622,"path_taken":["M","M","M","M","M","R","?","R","T","E","?","$","E","M","R","BOSS","M","?","M","?","M","E","R","E","T","M","M","R","?","?","R","BOSS","M","?","M","?"],"build_version":"2022-12-18","purchased_purges":1,"victory":false,"max_hp_per_floor":[62,62,62,62,62,62,62,62,62,62,62,62,62,62,62,62,62,62,62,62,68,68,68,68,68,68,68,68,68,68,68,68,68,68,68,68,68,68],"card_choices":[{"not_picked":["Judgement","DevaForm"],"picked":"LessonLearned","floor":0},{"not_picked":["FlurryOfBlows","Crescendo"],"picked":"WindmillStrike","floor":1},{"not_picked":["FollowUp","CutThroughFate"],"picked":"LikeWater","floor":2},{"not_picked":["Consecrate","CrushJoints"],"picked":"Conclude","floor":3},{"not_picked":["Halt","ThirdEye","FlurryOfBlows"],"picked":"SKIP","floor":4},{"not_picked":["Crescendo","EmptyFist"],"picked":"Swivel","floor":5},{"not_picked":["WreathOfFlame","Halt"],"picked":"Blasphemy","floor":10},{"not_picked":["EmptyFist","CutThroughFate"],"picked":"ForeignInfluence","floor":13},{"not_picked":["BattleHymn+1","ThirdEye","Consecrate"],"picked":"SKIP","floor":14},{"not_picked":["Omniscience","Brilliance"],"picked":"ConjureBlade","floor":16},{"not_picked":["BowlingBash","JustLucky","Prostrate"],"picked":"SKIP","floor":18},{"not_picked":["BowlingBash","JustLucky","Prostrate"],"picked":"SKIP","floor":18},{"not_picked":["BowlingBash","JustLucky","Prostrate"],"picked":"SKIP","floor":18},{"not_picked":["TalkToTheHand","BowlingBash"],"picked":"Swivel","floor":19},{"not_picked":["JustLucky","FearNoEvil"],"picked":"WindmillStrike","floor":20},{"not_picked":["Evaluate","EmptyFist"],"picked":"WreathOfFlame","floor":22},{"not_picked":["JustLucky+1","CarveReality","CutThroughFate"],"picked":"SKIP","floor":23},{"not_picked":["Perseverance","PathToVictory"],"picked":"Scrawl","floor":25},{"not_picked":["ClearTheMind","SashWhip","ThirdEye"],"picked":"SKIP","floor":27},{"not_picked":["ThirdEye","Conclude"],"picked":"ForeignInfluence","floor":28},{"not_picked":["EmptyBody","WindmillStrike"],"picked":"Adaptation+1","floor":31},{"not_picked":["Blasphemy","Scrawl"],"picked":"ConjureBlade","floor":33},{"not_picked":["Wireheading+1","Prostrate+1"],"picked":"LikeWater+1","floor":35},{"not_picked":["Prostrate","CarveReality+1"],"picked":"Perseverance","floor":36},{"not_picked":["FlyingSleeves","ClearTheMind"],"picked":"TalkToTheHand+1","floor":37}],"player_experience":2223623,"relics_obtained":[{"floor":9,"key":"Meat on the Bone"},{"floor":10,"key":"Frozen Egg 2"},{"floor":13,"key":"Darkstone Periapt"},{"floor":23,"key":"CeramicFish"},{"floor":25,"key":"CloakClasp"},{"floor":26,"key":"Dead Branch"}],"event_choices":[{"damage_healed":0,"gold_gain":150,"player_choice":"AGREE","damage_taken":0,"max_hp_gain":0,"max_hp_loss":0,"event_name":"Liars Game","floor":7,"gold_loss":0,"cards_obtained":["Doubt"]},{"damage_healed":0,"gold_gain":0,"player_choice":"Paid Gold","damage_taken":0,"relics_obtained":["CaptainsWheel"],"max_hp_gain":0,"max_hp_loss":0,"event_name":"WeMeetAgain","floor":11,"gold_loss":72},{"damage_healed":0,"gold_gain":0,"player_choice":"Opened","damage_taken":0,"relics_obtained":["Yang"],"max_hp_gain":0,"max_hp_loss":0,"event_name":"The Mausoleum","floor":21,"gold_loss":0,"cards_obtained":["Writhe"]},{"damage_healed":0,"gold_gain":0,"player_choice":"Bought 1 Potion","damage_taken":0,"max_hp_gain":0,"max_hp_loss":0,"event_name":"The Woman in Blue","floor":30,"gold_loss":0},{"damage_healed":0,"gold_gain":0,"player_choice":"Fight","damage_taken":0,"max_hp_gain":0,"max_hp_loss":0,"event_name":"Mysterious Sphere","floor":38,"gold_loss":0}],"is_beta":false,"boss_relics":[{"not_picked":["Astrolabe","Busted Crown"],"picked":"Snecko Eye"},{"not_picked":["Sozu","Philosopher\u0027s Stone"],"picked":"Fusion Hammer"}],"items_purged_floors":[12],"is_endless":false,"potions_floor_spawned":[4,13,16,18,20,25,27,28,31,36,37],"killed_by":"2 Orb Walkers","ascension_level":20}