{"gold_per_floor":[111,121,46,64,64,93,93,93],"floor_reached":8,"playtime":208,"items_purged":["Shame"],"score":112,"play_id":"0be76103-1b09-40eb-bef9-ae427edddd8b","local_time":"20230306193721","is_ascension_mode":true,"campfire_choices":[{"data":"Blasphemy","floor":7,"key":"SMITH"}],"neow_cost":"CURSE","seed_source_timestamp":462624034053100,"circlet_count":0,"master_deck":["AscendersBane","Strike_P","Strike_P","Strike_P","Defend_P","Defend_P","Defend_P","Defend_P","Eruption","Vigilance+1","Ragnarok","ClearTheMind","WindmillStrike","WaveOfTheHand+1","MentalFortress","Blasphemy+1"],"relics":["PureWater","War Paint"],"potions_floor_usage":[6,8],"damage_taken":[{"damage":0,"enemies":"Cultist","floor":1,"turns":2},{"damage":4,"enemies":"Jaw Worm","floor":2,"turns":3},{"damage":0,"enemies":"Small Slimes","floor":4,"turns":2},{"damage":12,"enemies":"Gremlin Nob","floor":6,"turns":3},{"damage":100024,"enemies":"3 Sentries","floor":8,"turns":7}],"seed_played":"-3940511610755375918","potions_obtained":[{"floor":2,"key":"SteroidPotion"},{"floor":4,"key":"Ambrosia"},{"floor":6,"key":"LiquidMemories"}],"is_trial":false,"path_per_floor":["M","M","$","M","?","E","R","E"],"character_chosen":"WATCHER","items_purchased":[],"campfire_rested":0,"item_purchase_floors":[],"current_hp_per_floor":[61,57,57,57,57,45,45,0],"gold":93,"neow_bonus":"THREE_RARE_CARDS","is_prod":false,"is_daily":false,"chose_seed":false,"campfire_upgraded":1,"win_rate":0,"timestamp":1678127841,"path_taken":["M","M","$","?","?","E","R","E"],"build_version":"2022-12-18","purchased_purges":1,"victory":false,"max_hp_per_floor":[68,68,68,68,68,68,68,68],"card_choices":[{"not_picked":["Brilliance","DeusExMachina"],"picked":"Ragnarok","floor":0},{"not_picked":["CrushJoints","EmptyFist"],"picked":"ClearTheMind","floor":1},{"not_picked":["JustLucky","Weave"],"picked":"WindmillStrike","floor":2},{"not_picked":["Indignation","InnerPeace"],"picked":"WaveOfTheHand","floor":4},{"not_picked":["InnerPeace","Vault"],"picked":"Blasphemy","floor":6}],"player_experience":2214351,"relics_obtained":[{"floor":6,"key":"War Paint"}],"event_choices":[{"damage_healed":0,"gold_gain":0,"cards_transformed":["Strike_P"],"player_choice":"Transformed","damage_taken":0,"max_hp_gain":0,"max_hp_loss":0,"event_name":"Transmorgrifier","floor":5,"gold_loss":0,"cards_obtained":["MentalFortress"]}],"is_beta":false,"boss_relics":[],"items_purged_floors":[3],"is_endless":false,"potions_floor_spawned":[2,4,6],"killed_by":"3 Sentries","ascension_level":20}