{"gold_per_floor":[99,99,24,24,24,24,24,24,24,24,24,0,0,0,0,0],"floor_reached":16,"playtime":422,"items_purged":["Strike_P"],"score":228,"play_id":"1052e427-7295-4da1-983c-290556ba84cd","local_time":"20230309223149","is_ascension_mode":true,"campfire_choices":[{"data":"Eruption","floor":6,"key":"SMITH"},{"floor":15,"key":"REST"}],"neow_cost":"NONE","seed_source_timestamp":732086419885800,"circlet_count":0,"master_deck":["AscendersBane","Strike_P","Strike_P","Strike_P","Defend_P","Defend_P","Defend_P","Defend_P","Eruption+1","Vigilance","ReachHeaven","CrushJoints","InnerPeace","Pray","LikeWater+1","ReachHeaven","Vengeance"],"relics":["Ectoplasm","Blood Vial","Orichalcum","PreservedInsect"],"potions_floor_usage":[7,8,12],"damage_taken":[{"damage":4,"enemies":"2 Louse","floor":1,"turns":3},{"damage":1,"enemies":"Cultist","floor":2,"turns":3},{"damage":7,"enemies":"Jaw Worm","floor":4,"turns":2},{"damage":5,"enemies":"3 Sentries","floor":7,"turns":4},{"damage":34,"enemies":"Exordium Thugs","floor":8,"turns":6},{"damage":9,"enemies":"Lagavulin","floor":10,"turns":4},{"damage":1,"enemies":"2 Fungi Beasts","floor":11,"turns":3},{"damage":1,"enemies":"Looter","floor":12,"turns":3},{"damage":5,"enemies":"Blue Slaver","floor":13,"turns":4},{"damage":48,"enemies":"The Guardian","floor":16,"turns":4}],"seed_played":"-8356593056932541864","potions_obtained":[{"floor":1,"key":"EssenceOfSteel"},{"floor":4,"key":"DistilledChaos"},{"floor":7,"key":"Regen Potion"},{"floor":8,"key":"Energy Potion"},{"floor":12,"key":"Fruit Juice"}],"is_trial":false,"path_per_floor":["M","M","$","M","?","R","E","M","T","E","M","M","M","?","R","B"],"character_chosen":"WATCHER","items_purchased":[],"campfire_rested":1,"item_purchase_floors":[],"current_hp_per_floor":[57,56,56,49,49,49,44,27,27,20,21,27,24,24,45,0],"gold":0,"neow_bonus":"BOSS_RELIC","is_prod":false,"is_daily":false,"chose_seed":false,"campfire_upgraded":1,"win_rate":0,"timestamp":1678397509,"path_taken":["M","M","$","M","?","R","E","M","T","E","M","?","M","?","R","BOSS"],"build_version":"2022-12-18","purchased_purges":1,"victory":false,"max_hp_per_floor":[68,68,68,68,68,68,68,68,68,68,68,73,73,73,73,73],"card_choices":[{"not_picked":["Protect","Evaluate"],"picked":"ReachHeaven","floor":1},{"not_picked":["ClearTheMind","EmptyFist"],"picked":"CrushJoints","floor":2},{"not_picked":["JustLucky","FollowUp"],"picked":"InnerPeace","floor":4},{"not_picked":["JustLucky","FlyingSleeves"],"picked":"Pray","floor":7},{"not_picked":["CutThroughFate","EmptyFist"],"picked":"LikeWater","floor":8},{"not_picked":["Blasphemy","FlurryOfBlows"],"picked":"ReachHeaven","floor":10},{"not_picked":["Fasting2","SashWhip","CutThroughFate"],"picked":"SKIP","floor":11},{"not_picked":["FollowUp","EmptyBody","EmptyFist"],"picked":"SKIP","floor":12},{"not_picked":["PathToVictory","EmptyMind"],"picked":"Vengeance","floor":13}],"player_experience":2221111,"relics_obtained":[{"floor":7,"key":"Blood Vial"},{"floor":9,"key":"Orichalcum"},{"floor":10,"key":"PreservedInsect"}],"event_choices":[{"damage_healed":0,"gold_gain":50,"player_choice":"Pray","damage_taken":0,"max_hp_gain":0,"max_hp_loss":0,"event_name":"Golden Shrine","floor":5,"gold_loss":0},{"damage_healed":0,"gold_gain":0,"player_choice":"Forge","damage_taken":0,"max_hp_gain":0,"max_hp_loss":0,"event_name":"Accursed Blacksmith","floor":14,"gold_loss":0,"cards_upgraded":["LikeWater"]}],"is_beta":false,"boss_relics":[],"items_purged_floors":[3],"is_endless":false,"potions_floor_spawned":[1,4,7,8,12],"killed_by":"The Guardian","ascension_level":20}