{"gold_per_floor":[117,42,42,56,73,73,99,99,181,181,90,104,21,57,57,153,153,166,6,6,24,48,48,48,48],"floor_reached":25,"playtime":869,"items_purged":["Regret"],"score":558,"play_id":"6830eeee-8528-4565-907c-f750e1ac31c8","local_time":"20230305194335","is_ascension_mode":true,"campfire_choices":[{"data":"FlyingSleeves","floor":6,"key":"SMITH"},{"data":"ThirdEye","floor":8,"key":"SMITH"},{"floor":15,"key":"REST"},{"floor":23,"key":"REST"}],"neow_cost":"CURSE","seed_source_timestamp":375935528372200,"circlet_count":0,"master_deck":["AscendersBane","Strike_P+1","Strike_P","Strike_P","Strike_P","Defend_P","Defend_P","Defend_P","Defend_P","Eruption+1","Vigilance","Swivel+1","FlyingSleeves+1","FearNoEvil","ThirdEye+1","Injury","Discovery","Weave","Nirvana","Wish","LessonLearned","CutThroughFate","CutThroughFate"],"relics":["PureWater","GoldenEye","Dream Catcher","Kunai","Golden Idol","MealTicket","SacredBark","ClockworkSouvenir"],"potions_floor_usage":[18,22,24],"damage_taken":[{"damage":10,"enemies":"Small Slimes","floor":1,"turns":4},{"damage":0,"enemies":"Jaw Worm","floor":4,"turns":3},{"damage":0,"enemies":"2 Louse","floor":5,"turns":2},{"damage":28,"enemies":"Gremlin Nob","floor":7,"turns":4},{"damage":12,"enemies":"Lots of Slimes","floor":12,"turns":3},{"damage":10,"enemies":"Lagavulin","floor":14,"turns":8},{"damage":0,"enemies":"The Guardian","floor":16,"turns":9},{"damage":25,"enemies":"2 Thieves","floor":18,"turns":4},{"damage":42,"enemies":"Shell Parasite","floor":21,"turns":8},{"damage":24,"enemies":"3 Cultists","floor":22,"turns":6},{"damage":0,"enemies":"Gremlin Leader","floor":24,"turns":1},{"damage":0,"enemies":"Shelled Parasite and Fungi","floor":25,"turns":1}],"seed_played":"-3860865164237373708","potions_obtained":[{"floor":5,"key":"FairyPotion"},{"floor":14,"key":"Swift Potion"},{"floor":21,"key":"SpeedPotion"},{"floor":22,"key":"SmokeBomb"}],"is_trial":false,"path_per_floor":["M","$","?","M","M","R","E","R","T","?","$","M","$","E","R","B",null,"M","$","?","M","M","R","E","M"],"character_chosen":"WATCHER","items_purchased":["Discovery","Nirvana","ClockworkSouvenir"],"campfire_rested":2,"item_purchase_floors":[11,13,19],"current_hp_per_floor":[51,51,51,51,51,51,23,23,23,23,23,11,11,1,21,21,56,31,46,34,34,10,30,30,30],"gold":48,"neow_bonus":"ONE_RARE_RELIC","is_prod":false,"is_daily":false,"chose_seed":false,"campfire_upgraded":2,"win_rate":0,"timestamp":1678041815,"path_taken":["M","$","?","M","M","R","E","R","T","?","?","M","?","E","R","BOSS","M","$","?","M","M","R","E","?"],"build_version":"2022-12-18","purchased_purges":1,"victory":false,"max_hp_per_floor":[68,68,68,68,68,68,68,68,68,68,68,68,68,68,68,68,68,68,68,68,68,68,68,68,68],"card_choices":[{"not_picked":["Crescendo","DeceiveReality"],"picked":"Swivel","floor":1},{"not_picked":["Halt","Evaluate"],"picked":"FlyingSleeves","floor":4},{"not_picked":["BowlingBash","Evaluate"],"picked":"FearNoEvil","floor":5},{"not_picked":["Prostrate","SashWhip"],"picked":"ThirdEye","floor":7},{"not_picked":["Prostrate","SandsOfTime"],"picked":"Weave","floor":12},{"not_picked":["Consecrate","Worship"],"picked":"Wish","floor":14},{"not_picked":["Establishment","Omniscience"],"picked":"LessonLearned","floor":16},{"not_picked":["WaveOfTheHand","Prostrate","FollowUp"],"picked":"SKIP","floor":18},{"not_picked":["BattleHymn","Meditate"],"picked":"CutThroughFate","floor":21},{"not_picked":["CrushJoints","Swivel+1","ThirdEye"],"picked":"SKIP","floor":22},{"not_picked":["Indignation","Wish"],"picked":"CutThroughFate","floor":23}],"player_experience":2207996,"relics_obtained":[{"floor":7,"key":"Dream Catcher"},{"floor":9,"key":"Kunai"},{"floor":14,"key":"MealTicket"}],"event_choices":[{"damage_healed":0,"gold_gain":0,"player_choice":"Grow","damage_taken":0,"max_hp_gain":0,"max_hp_loss":0,"event_name":"Living Wall","floor":3,"gold_loss":0,"cards_upgraded":["Eruption"]},{"damage_healed":0,"gold_gain":0,"player_choice":"Take Wound","damage_taken":0,"relics_obtained":["Golden Idol"],"max_hp_gain":0,"max_hp_loss":0,"event_name":"Golden Idol","floor":10,"gold_loss":0,"cards_obtained":["Injury"]},{"damage_healed":0,"gold_gain":0,"player_choice":"POTION ","damage_taken":12,"max_hp_gain":0,"max_hp_loss":0,"event_name":"Knowing Skull","floor":20,"potions_obtained":["ColorlessPotion"],"gold_loss":0,"cards_obtained":[]}],"is_beta":false,"boss_relics":[{"not_picked":["Ectoplasm","Runic Dome"],"picked":"SacredBark"}],"items_purged_floors":[2],"is_endless":false,"potions_floor_spawned":[5,14,21,22,24],"killed_by":"Shelled Parasite and Fungi","ascension_level":20}