{"gold_per_floor":[119,135,285,37,53,53,84,84,84,84,115,190,46,59,59,136,136,156,156,180,197,214,241,241,255,281,315,230,230],"floor_reached":29,"playtime":838,"items_purged":["Normality","Doubt"],"score":767,"play_id":"0614d097-4f61-4e5c-b8b6-6493c7f93c9d","local_time":"20230305093212","is_ascension_mode":true,"campfire_choices":[{"data":"SignatureMove","floor":6,"key":"SMITH"},{"floor":8,"key":"REST"},{"data":"Blasphemy","floor":10,"key":"SMITH"},{"floor":15,"key":"REST"},{"floor":24,"key":"REST"}],"neow_cost":"CURSE","seed_source_timestamp":339283619142100,"circlet_count":0,"master_deck":["AscendersBane","Eruption","Vigilance","SignatureMove+1","ThirdEye","LikeWater","Blasphemy+1","LikeWater","Prostrate","Omniscience","ConjureBlade","Consecrate","Indignation","TalkToTheHand","CrushJoints+1","Halt","LikeWater","Weave+1","ThirdEye+1","LikeWater","Evaluate"],"relics":["PureWater","Medical Kit","TeardropLocket","Tiny Chest","Happy Flower","Pandora\u0027s Box","Enchiridion","Bag of Marbles","Ancient Tea Set","Juzu Bracelet","Whetstone","Smiling Mask"],"potions_floor_usage":[16,22,27],"damage_taken":[{"damage":2,"enemies":"Cultist","floor":1,"turns":3},{"damage":7,"enemies":"Jaw Worm","floor":2,"turns":4},{"damage":3,"enemies":"Small Slimes","floor":5,"turns":3},{"damage":45,"enemies":"Lagavulin","floor":7,"turns":12},{"damage":0,"enemies":"Gremlin Nob","floor":11,"turns":3},{"damage":3,"enemies":"Exordium Thugs","floor":14,"turns":4},{"damage":0,"enemies":"Slime Boss","floor":16,"turns":2},{"damage":9,"enemies":"Shell Parasite","floor":18,"turns":3},{"damage":0,"enemies":"Spheric Guardian","floor":21,"turns":1},{"damage":2,"enemies":"Snake Plant","floor":22,"turns":2},{"damage":11,"enemies":"Gremlin Leader","floor":23,"turns":2},{"damage":0,"enemies":"Centurion and Healer","floor":25,"turns":4},{"damage":44,"enemies":"Slavers","floor":27,"turns":4},{"damage":13,"enemies":"Chosen and Byrds","floor":29,"turns":3}],"seed_played":"549577956336309375","potions_obtained":[{"floor":2,"key":"DuplicationPotion"},{"floor":7,"key":"EssenceOfSteel"},{"floor":21,"key":"SneckoOil"},{"floor":23,"key":"BottledMiracle"},{"floor":27,"key":"Energy Potion"}],"is_trial":false,"path_per_floor":["M","M","?","$","M","R","E","R","T","R","E","?","$","M","R","B",null,"M","?","T","M","M","E","R","M","T","E","?","M"],"character_chosen":"WATCHER","items_purchased":["Medical Kit","LikeWater"],"campfire_rested":3,"item_purchase_floors":[4,13],"current_hp_per_floor":[71,64,64,64,61,61,16,40,40,40,40,29,29,26,50,50,73,64,43,43,43,41,30,54,54,54,10,10,0],"gold":230,"neow_bonus":"TWENTY_PERCENT_HP_BONUS","is_prod":false,"is_daily":false,"chose_seed":false,"campfire_upgraded":2,"win_rate":0,"timestamp":1678005132,"path_taken":["M","?","?","$","M","R","E","R","T","R","E","?","$","?","R","BOSS","M","?","?","?","M","E","R","M","T","E","?","M"],"build_version":"2022-12-18","purchased_purges":2,"victory":false,"max_hp_per_floor":[80,80,80,80,80,80,80,80,80,80,80,80,80,80,80,80,80,80,80,80,80,80,80,80,80,80,80,80,80],"card_choices":[{"not_picked":["EmptyFist","Consecrate"],"picked":"SignatureMove","floor":1},{"not_picked":["EmptyFist","Halt"],"picked":"ThirdEye","floor":2},{"not_picked":["JustLucky","FollowUp"],"picked":"LikeWater","floor":5},{"not_picked":["Consecrate","CarveReality"],"picked":"Blasphemy","floor":7},{"not_picked":["EmptyFist","FollowUp","CutThroughFate"],"picked":"SKIP","floor":11},{"not_picked":["EmptyFist","Wallop"],"picked":"Prostrate","floor":14},{"not_picked":["Brilliance","ConjureBlade"],"picked":"Omniscience","floor":16},{"not_picked":["EmptyFist","Consecrate","CarveReality"],"picked":"SKIP","floor":18},{"not_picked":["ForeignInfluence","Halt"],"picked":"ThirdEye+1","floor":21},{"not_picked":["Protect+1","Consecrate","TalkToTheHand"],"picked":"SKIP","floor":22},{"not_picked":["EmptyBody","TalkToTheHand","ForeignInfluence"],"picked":"SKIP","floor":23},{"not_picked":["EmptyFist","Wallop"],"picked":"LikeWater","floor":25},{"not_picked":["Consecrate","Conclude"],"picked":"Evaluate","floor":27}],"player_experience":2199417,"relics_obtained":[{"floor":7,"key":"TeardropLocket"},{"floor":9,"key":"Tiny Chest"},{"floor":11,"key":"Happy Flower"},{"floor":19,"key":"Enchiridion"},{"floor":20,"key":"Bag of Marbles"},{"floor":23,"key":"Ancient Tea Set"},{"floor":26,"key":"Juzu Bracelet"},{"floor":27,"key":"Whetstone"}],"event_choices":[{"damage_healed":0,"gold_gain":150,"player_choice":"AGREE","damage_taken":0,"max_hp_gain":0,"max_hp_loss":0,"event_name":"Liars Game","floor":3,"gold_loss":0,"cards_obtained":["Doubt"]},{"damage_healed":0,"gold_gain":75,"player_choice":"Gather Gold","damage_taken":11,"max_hp_gain":0,"max_hp_loss":0,"event_name":"World of Goop","floor":12,"gold_loss":0},{"damage_healed":0,"gold_gain":0,"player_choice":"Obtained Book","damage_taken":21,"max_hp_gain":0,"max_hp_loss":0,"event_name":"Cursed Tome","floor":19,"gold_loss":0},{"damage_healed":0,"gold_gain":0,"player_choice":"Obtained Relic","damage_taken":0,"relics_obtained":["Smiling Mask"],"max_hp_gain":0,"max_hp_loss":0,"event_name":"Addict","floor":28,"gold_loss":85}],"is_beta":false,"boss_relics":[{"not_picked":["Calling Bell","Tiny House"],"picked":"Pandora\u0027s Box"}],"items_purged_floors":[4,13],"is_endless":false,"potions_floor_spawned":[2,7,14,21,23,27],"killed_by":"Chosen and Byrds","ascension_level":20}