{"gold_per_floor":[112,112,112,37,52,52,52,84,107,107],"floor_reached":10,"playtime":108,"items_purged":["Regret"],"score":178,"play_id":"49112c72-25fb-4a21-9a70-070b46ca1bf2","local_time":"20230314184841","is_ascension_mode":true,"campfire_choices":[{"data":"PathToVictory","floor":6,"key":"SMITH"}],"neow_cost":"NONE","seed_source_timestamp":1151021901988000,"circlet_count":0,"master_deck":["AscendersBane","Strike_P","Strike_P","Strike_P","Strike_P","Defend_P","Defend_P","Defend_P","Defend_P","Eruption","Vigilance","PathToVictory+1","LikeWater","Alpha"],"relics":["PureWater","NeowsBlessing","Ancient Tea Set","Meat on the Bone","Happy Flower","Bag of Marbles"],"potions_floor_usage":[],"damage_taken":[{"damage":0,"enemies":"Small Slimes","floor":1,"turns":1},{"damage":0,"enemies":"Jaw Worm","floor":5,"turns":1},{"damage":0,"enemies":"3 Sentries","floor":8,"turns":2},{"damage":56,"enemies":"Gremlin Nob","floor":10,"turns":4}],"seed_played":"316150411501313148","potions_obtained":[],"is_trial":false,"path_per_floor":["M","?","?","$","M","R","?","E","T","E"],"character_chosen":"WATCHER","items_purchased":[],"campfire_rested":0,"item_purchase_floors":[],"current_hp_per_floor":[61,61,61,61,61,61,56,56,56,0],"gold":107,"neow_bonus":"THREE_ENEMY_KILL","is_prod":false,"is_daily":false,"chose_seed":false,"campfire_upgraded":1,"win_rate":0,"timestamp":1678816121,"path_taken":["M","?","?","?","M","R","?","E","T","E"],"build_version":"2022-12-18","purchased_purges":1,"victory":false,"max_hp_per_floor":[68,68,68,68,68,68,68,68,68,68],"card_choices":[{"not_picked":["EmptyBody","JustLucky"],"picked":"PathToVictory","floor":1},{"not_picked":["WheelKick","CutThroughFate"],"picked":"LikeWater","floor":5},{"not_picked":["SignatureMove","Consecrate"],"picked":"Alpha","floor":8}],"player_experience":2232107,"relics_obtained":[{"floor":8,"key":"Happy Flower"},{"floor":9,"key":"Bag of Marbles"}],"event_choices":[{"damage_healed":0,"gold_gain":0,"player_choice":"Box","damage_taken":0,"relics_obtained":["Ancient Tea Set"],"max_hp_gain":0,"max_hp_loss":0,"event_name":"Big Fish","floor":2,"gold_loss":0,"cards_obtained":["Regret"]},{"damage_healed":0,"gold_gain":0,"player_choice":"Ignored","damage_taken":0,"max_hp_gain":0,"max_hp_loss":0,"event_name":"Shining Light","floor":3,"gold_loss":0},{"damage_healed":0,"gold_gain":0,"player_choice":"Success","damage_taken":5,"relics_obtained":["Meat on the Bone"],"max_hp_gain":0,"max_hp_loss":0,"event_name":"Scrap Ooze","floor":7,"gold_loss":0}],"is_beta":false,"boss_relics":[],"items_purged_floors":[4],"is_endless":false,"potions_floor_spawned":[],"killed_by":"Gremlin Nob","ascension_level":20}