{"gold_per_floor":[110,129,42,61,61,93,93,125,125,125,153,118,131,152,152,226,226,226],"floor_reached":18,"playtime":2370,"items_purged":[],"score":456,"play_id":"3326a70f-2690-404b-b10b-6723c12dafae","local_time":"20230329131142","is_ascension_mode":true,"campfire_choices":[{"data":"Fasting2","floor":7,"key":"SMITH"},{"floor":15,"key":"REST"}],"neow_cost":"NONE","seed_source_timestamp":440945540022900,"circlet_count":0,"master_deck":["AscendersBane","Strike_P","Strike_P","Strike_P","Strike_P","Defend_P","Defend_P","Defend_P","Defend_P","Eruption","Vigilance","BowlingBash","Adaptation","Fasting2+1","CutThroughFate","Worship","LessonLearned"],"relics":["Velvet Choker","Anchor","Letter Opener","Happy Flower","Nunchaku","Odd Mushroom","SacredBark"],"potions_floor_usage":[11,14,16],"damage_taken":[{"damage":7,"enemies":"2 Louse","floor":1,"turns":3},{"damage":0,"enemies":"Small Slimes","floor":2,"turns":2},{"damage":0,"enemies":"Cultist","floor":4,"turns":2},{"damage":13,"enemies":"Lagavulin","floor":6,"turns":7},{"damage":16,"enemies":"Gremlin Nob","floor":8,"turns":3},{"damage":10,"enemies":"3 Sentries","floor":11,"turns":6},{"damage":0,"enemies":"2 Fungi Beasts","floor":13,"turns":2},{"damage":0,"enemies":"The Mushroom Lair","floor":14,"turns":3},{"damage":0,"enemies":"The Guardian","floor":16,"turns":10},{"damage":11,"enemies":"Shell Parasite","floor":18,"turns":4}],"seed_played":"7861170210628115551","potions_obtained":[{"floor":1,"key":"BlessingOfTheForge"},{"floor":8,"key":"LiquidBronze"},{"floor":13,"key":"DistilledChaos"},{"floor":14,"key":"Strength Potion"}],"is_trial":false,"path_per_floor":["M","M","$","M","$","E","R","E","T","?","E","?","M","?","R","B",null,"M"],"character_chosen":"WATCHER","items_purchased":["Fasting2"],"campfire_rested":1,"item_purchase_floors":[3],"current_hp_per_floor":[54,54,54,54,54,41,41,25,25,14,4,21,21,21,41,41,61,50],"gold":226,"neow_bonus":"BOSS_RELIC","is_prod":false,"is_daily":false,"chose_seed":false,"campfire_upgraded":1,"win_rate":0,"timestamp":1680088302,"path_taken":["M","M","$","M","$","E","R","E","T","?","E","?","M","?","R","BOSS","M"],"build_version":"2022-12-18","purchased_purges":0,"victory":false,"max_hp_per_floor":[68,68,68,68,68,68,68,68,68,68,68,68,68,68,68,68,68,68],"card_choices":[{"not_picked":["MentalFortress","Protect"],"picked":"BowlingBash","floor":1},{"not_picked":["FollowUp","BattleHymn"],"picked":"Adaptation","floor":2},{"not_picked":["Consecrate","Prostrate","Vengeance"],"picked":"SKIP","floor":4},{"not_picked":["PathToVictory","EmptyBody"],"picked":"CutThroughFate","floor":6},{"not_picked":["EmptyBody","FollowUp","ClearTheMind"],"picked":"SKIP","floor":8},{"not_picked":["Consecrate","BowlingBash"],"picked":"Worship","floor":11},{"not_picked":["Prostrate","EmptyMind","JustLucky"],"picked":"SKIP","floor":13},{"not_picked":["Wish","Judgement"],"picked":"LessonLearned","floor":16}],"player_experience":2297043,"relics_obtained":[{"floor":6,"key":"Anchor"},{"floor":8,"key":"Letter Opener"},{"floor":11,"key":"Nunchaku"},{"floor":14,"key":"Odd Mushroom"}],"event_choices":[{"damage_healed":0,"gold_gain":0,"player_choice":"Success","damage_taken":11,"relics_obtained":["Happy Flower"],"max_hp_gain":0,"max_hp_loss":0,"event_name":"Scrap Ooze","floor":10,"gold_loss":0},{"damage_healed":17,"gold_gain":0,"player_choice":"Healed","damage_taken":0,"max_hp_gain":0,"max_hp_loss":0,"event_name":"The Cleric","floor":12,"gold_loss":35},{"damage_healed":0,"gold_gain":0,"player_choice":"Fought Mushrooms","damage_taken":0,"max_hp_gain":0,"max_hp_loss":0,"event_name":"Mushrooms","floor":14,"gold_loss":0}],"is_beta":false,"boss_relics":[{"not_picked":["Runic Dome","VioletLotus"],"picked":"SacredBark"}],"items_purged_floors":[],"is_endless":false,"potions_floor_spawned":[1,8,13,14],"killed_by":"Shell Parasite","ascension_level":20}