{"gold_per_floor":[117,117,117,42,42,76,76,120,120,135,148,169,169,200,200,200],"floor_reached":16,"playtime":533,"items_purged":["Injury"],"score":236,"play_id":"1344fa2e-57f2-4d41-986f-f818a45af3f3","local_time":"20230817154523","is_ascension_mode":true,"campfire_choices":[{"data":"Eruption","floor":7,"key":"SMITH"},{"floor":13,"key":"REST"},{"data":"LikeWater","floor":15,"key":"SMITH"}],"neow_cost":"NONE","seed_source_timestamp":17465803173800,"circlet_count":0,"master_deck":["AscendersBane","Strike_P","Strike_P","Strike_P","Strike_P","Defend_P","Defend_P","Defend_P","Eruption+1","Vigilance","FearNoEvil","FlyingSleeves","WaveOfTheHand","MentalFortress","LikeWater+1","Study","CutThroughFate","Adaptation"],"relics":["PureWater","Centennial Puzzle","Bronze Scales","Golden Idol","Blood Vial","Dream Catcher","Ginger","Question Card"],"potions_floor_usage":[16],"damage_taken":[{"damage":0,"enemies":"Small Slimes","floor":1,"turns":3},{"damage":25,"enemies":"3 Sentries","floor":6,"turns":6},{"damage":16,"enemies":"Gremlin Nob","floor":8,"turns":3},{"damage":0,"enemies":"2 Louse","floor":10,"turns":3},{"damage":0,"enemies":"Cultist","floor":11,"turns":4},{"damage":0,"enemies":"Gremlin Gang","floor":12,"turns":5},{"damage":5,"enemies":"Lagavulin","floor":14,"turns":6},{"damage":31,"enemies":"Hexaghost","floor":16,"turns":7}],"seed_played":"-5592013251833751481","potions_obtained":[{"floor":1,"key":"GamblersBrew"},{"floor":8,"key":"Energy Potion"}],"is_trial":false,"path_per_floor":["M","?","?","$","?","E","R","E","T","M","M","M","R","E","R","B"],"character_chosen":"WATCHER","items_purchased":[],"campfire_rested":1,"item_purchase_floors":[],"current_hp_per_floor":[61,43,43,43,43,18,18,4,4,6,8,10,30,27,27,0],"gold":200,"neow_bonus":"RANDOM_COMMON_RELIC","is_prod":false,"is_daily":false,"chose_seed":false,"campfire_upgraded":2,"win_rate":0,"timestamp":1692279923,"path_taken":["M","?","?","$","?","E","R","E","T","M","?","?","R","E","R","BOSS"],"build_version":"2022-12-18","purchased_purges":1,"victory":false,"max_hp_per_floor":[68,68,68,68,68,68,68,68,68,68,68,68,68,68,68,68],"card_choices":[{"not_picked":["CarveReality","LikeWater"],"picked":"FearNoEvil","floor":1},{"not_picked":["SashWhip","PathToVictory"],"picked":"FlyingSleeves","floor":6},{"not_picked":["ClearTheMind","FollowUp"],"picked":"WaveOfTheHand","floor":8},{"not_picked":["SashWhip","EmptyBody"],"picked":"MentalFortress","floor":10},{"not_picked":["SpiritShield","Worship"],"picked":"LikeWater","floor":11},{"not_picked":["ClearTheMind","BattleHymn"],"picked":"Study","floor":12},{"not_picked":["Perseverance","EmptyFist"],"picked":"CutThroughFate","floor":13},{"not_picked":["Nirvana","Prostrate"],"picked":"Adaptation","floor":14}],"player_experience":2429587,"relics_obtained":[{"floor":6,"key":"Blood Vial"},{"floor":8,"key":"Dream Catcher"},{"floor":9,"key":"Ginger"},{"floor":14,"key":"Question Card"}],"event_choices":[{"damage_healed":0,"gold_gain":0,"player_choice":"Success","damage_taken":18,"relics_obtained":["Bronze Scales"],"max_hp_gain":0,"max_hp_loss":0,"event_name":"Scrap Ooze","floor":2,"gold_loss":0},{"damage_healed":0,"gold_gain":0,"player_choice":"Take Wound","damage_taken":0,"relics_obtained":["Golden Idol"],"max_hp_gain":0,"max_hp_loss":0,"event_name":"Golden Idol","floor":3,"gold_loss":0,"cards_obtained":["Injury"]},{"cards_removed":["Defend_P"],"damage_healed":0,"gold_gain":0,"player_choice":"Offered Basic","damage_taken":0,"max_hp_gain":0,"max_hp_loss":0,"event_name":"Bonfire Elementals","floor":5,"gold_loss":0}],"is_beta":false,"boss_relics":[],"items_purged_floors":[4],"is_endless":false,"potions_floor_spawned":[1,8],"killed_by":"Hexaghost","ascension_level":20}