{"gold_per_floor":[112,132,112,112,15,42,42,71,71,102,102,112,132,148,148,224,224,238,258,258,258,258],"floor_reached":22,"playtime":780,"items_purged":[],"score":508,"play_id":"8745f711-04ac-4d0e-b824-fd32e42b0e7c","local_time":"20240102163035","is_ascension_mode":true,"campfire_choices":[{"data":"ConjureBlade","floor":7,"key":"SMITH"},{"data":"Jack Of All Trades","floor":11,"key":"SMITH"},{"data":"Collect","floor":15,"key":"SMITH"}],"neow_cost":"NONE","seed_source_timestamp":183158218287400,"circlet_count":0,"master_deck":["AscendersBane","Eruption+1","Vigilance","ReachHeaven","CrushJoints","Jack Of All Trades+1","ConjureBlade+1","Indignation","Swivel","Collect+1","ThirdEye","DeusExMachina","JustLucky","BattleHymn","Wish","Swivel","Weave","DeusExMachina","Judgement","Sanctity"],"relics":["PureWater","NeowsBlessing","Letter Opener","Akabeko","Yang","War Paint","Pandora\u0027s Box"],"potions_floor_usage":[1,8,14,16,16],"damage_taken":[{"damage":0,"enemies":"Cultist","floor":1,"turns":1},{"damage":0,"enemies":"Jaw Worm","floor":2,"turns":1},{"damage":0,"enemies":"Gremlin Nob","floor":6,"turns":1},{"damage":0,"enemies":"Lagavulin","floor":8,"turns":3},{"damage":25,"enemies":"3 Sentries","floor":10,"turns":5},{"damage":0,"enemies":"Small Slimes","floor":12,"turns":2},{"damage":1,"enemies":"Exordium Thugs","floor":13,"turns":4},{"damage":11,"enemies":"2 Fungi Beasts","floor":14,"turns":3},{"damage":12,"enemies":"Hexaghost","floor":16,"turns":5},{"damage":36,"enemies":"2 Thieves","floor":18,"turns":3},{"damage":10,"enemies":"Shell Parasite","floor":19,"turns":4},{"damage":22,"enemies":"Chosen and Byrds","floor":22,"turns":2}],"seed_played":"6253338936097758137","potions_obtained":[{"floor":1,"key":"EntropicBrew"},{"floor":3,"key":"Ancient Potion"},{"floor":10,"key":"Strength Potion"},{"floor":14,"key":"PowerPotion"},{"floor":19,"key":"SteroidPotion"}],"is_trial":false,"path_per_floor":["M","M","?","$","$","E","R","E","T","E","R","M","M","M","R","B",null,"M","M","?","?","M"],"character_chosen":"WATCHER","items_purchased":["Jack Of All Trades"],"campfire_rested":0,"item_purchase_floors":[5],"current_hp_per_floor":[61,61,61,61,61,61,61,61,61,36,36,36,35,24,24,12,54,18,8,8,8,0],"gold":258,"neow_bonus":"THREE_ENEMY_KILL","is_prod":false,"is_daily":false,"chose_seed":false,"campfire_upgraded":3,"win_rate":0,"timestamp":1704209435,"path_taken":["M","?","?","?","$","E","R","E","T","E","R","?","M","M","R","BOSS","M","M","?","?","?"],"build_version":"2022-12-18","purchased_purges":0,"victory":false,"max_hp_per_floor":[68,68,68,68,68,68,68,68,68,68,68,68,68,68,68,68,68,68,68,68,68,68],"card_choices":[{"not_picked":["Consecrate","BowlingBash"],"picked":"ReachHeaven","floor":1},{"not_picked":["EmptyFist","FlurryOfBlows"],"picked":"CrushJoints","floor":2},{"not_picked":["JustLucky","ClearTheMind"],"picked":"ConjureBlade","floor":6},{"not_picked":["Protect","Fasting2"],"picked":"Indignation","floor":8},{"not_picked":["PathToVictory","WindmillStrike"],"picked":"Swivel","floor":10},{"not_picked":["Evaluate","Sanctity"],"picked":"Collect","floor":12},{"not_picked":["Evaluate","WheelKick"],"picked":"ThirdEye","floor":13},{"not_picked":["Swivel","CrushJoints","Wireheading"],"picked":"SKIP","floor":14},{"not_picked":["Devotion","Establishment"],"picked":"DeusExMachina","floor":16},{"not_picked":["EmptyFist","CutThroughFate","Prostrate"],"picked":"SKIP","floor":18},{"not_picked":["Indignation","SashWhip"],"picked":"Sanctity","floor":19}],"player_experience":2459990,"relics_obtained":[{"floor":6,"key":"Letter Opener"},{"floor":8,"key":"Akabeko"},{"floor":9,"key":"Yang"},{"floor":10,"key":"War Paint"}],"event_choices":[{"damage_healed":0,"gold_gain":0,"player_choice":"Bought 1 Potion","damage_taken":0,"max_hp_gain":0,"max_hp_loss":0,"event_name":"The Woman in Blue","floor":3,"gold_loss":0},{"cards_removed":["ForeignInfluence"],"damage_healed":0,"gold_gain":0,"player_choice":"Elegance","damage_taken":0,"max_hp_gain":0,"max_hp_loss":0,"event_name":"Back to Basics","floor":20,"gold_loss":0},{"damage_healed":0,"gold_gain":0,"player_choice":"Upgraded","damage_taken":0,"max_hp_gain":0,"max_hp_loss":0,"event_name":"Upgrade Shrine","floor":21,"gold_loss":0,"cards_upgraded":["Eruption"]}],"is_beta":false,"boss_relics":[{"not_picked":["SacredBark","Philosopher\u0027s Stone"],"picked":"Pandora\u0027s Box"}],"items_purged_floors":[],"is_endless":false,"potions_floor_spawned":[1,6,10,13,14,19],"killed_by":"Chosen and Byrds","ascension_level":20}