{"gold_per_floor":[99,115,126,140,140,140,140,140,125,125,70,70,98,110,125,125],"floor_reached":16,"playtime":735,"items_purged":[],"score":100,"play_id":"905f7601-04c7-462e-be71-334631ce4f79","local_time":"20220507151501","is_ascension_mode":false,"campfire_choices":[{"data":"sneckomod:Unknown","floor":1,"key":"SMITH"},{"data":"sneckomod:DiceCrush","floor":6,"key":"SMITH"}],"neow_cost":"TEN_PERCENT_HP_LOSS","seed_source_timestamp":17664523337000,"circlet_count":0,"master_deck":["sneckomod:Strike","sneckomod:Strike","sneckomod:Defend+1","sneckomod:Defend","sneckomod:Defend","sneckomod:TailWhip","sneckomod:SnekBite","sneckomod:Unknown+1","sneckomod:Unknown+1","sneckomod:DiceCrush+1","sneckomod:QuickMove","sneckomod:ImprovisedGuard","sneckomod:UnknownUncommonPower","sneckomod:Mudshield"],"relics":["sneckomod:SneckoSoul","Ornamental Fan","Singing Bowl","War Paint","downfall:BrokenWingStatue","Ginger"],"potions_floor_usage":[13,16],"damage_taken":[{"damage":0,"enemies":"Cultist","floor":2,"turns":4},{"damage":3,"enemies":"Jaw Worm","floor":3,"turns":2},{"damage":0,"enemies":"Small Slimes","floor":4,"turns":2},{"damage":0,"enemies":"downfall:FleeingMerchant","floor":9,"turns":4},{"damage":10,"enemies":"downfall:FleeingMerchant","floor":11,"turns":4},{"damage":57,"enemies":"Gremlin Nob","floor":13,"turns":6},{"damage":0,"enemies":"downfall:LooterAlt","floor":14,"turns":2},{"damage":0,"enemies":"3 Louse","floor":15,"turns":2},{"damage":13,"enemies":"HERMIT_SHARPSHOOTER_ARCHETYPE","floor":16,"turns":2}],"seed_played":"-5840971203569924203","potions_obtained":[{"floor":3,"key":"SkillPotion"},{"floor":13,"key":"Dexterity Potion"},{"floor":14,"key":"hexamod:SoulburnPotion"}],"is_trial":false,"path_per_floor":["R","M","M","M","T","R","T","T","$","?","$","?","E","M","M","B"],"character_chosen":"THE_SNECKO","items_purchased":["sneckomod:UnknownUncommonPower"],"campfire_rested":0,"item_purchase_floors":[11],"current_hp_per_floor":[77,77,74,74,74,74,74,74,74,74,66,66,11,13,13,0],"gold":125,"neow_bonus":"REMOVE_TWO","is_prod":false,"is_daily":false,"chose_seed":false,"campfire_upgraded":2,"win_rate":0.0,"timestamp":1651929301,"path_taken":["R","?","M","?","?","R","T","?","$","?","?","?","E","M","M","BOSS"],"build_version":"2022-03-07","purchased_purges":0,"victory":false,"max_hp_per_floor":[77,77,77,77,77,77,77,77,77,77,79,79,81,83,83,83],"card_choices":[{"not_picked":["sneckomod:QuickMove","sneckomod:SoulDraw"],"picked":"sneckomod:DiceCrush","floor":2},{"not_picked":["sneckomod:UnknownCommonSkill","sneckomod:RainOfDice"],"picked":"sneckomod:QuickMove","floor":3},{"not_picked":["sneckomod:UnknownCommonSkill","sneckomod:Nope","sneckomod:DiceCrush"],"picked":"SKIP","floor":4},{"not_picked":["sneckomod:UnknownCommonSkill","sneckomod:WideSting"],"picked":"sneckomod:ImprovisedGuard","floor":9},{"not_picked":["sneckomod:UnknownWeak","sneckomod:SoulDraw","sneckomod:Nope"],"picked":"Singing Bowl","floor":11},{"not_picked":["sneckomod:Unknown1Cost","sneckomod:Rotation","sneckomod:ImprovisedGuard"],"picked":"Singing Bowl","floor":13},{"not_picked":["sneckomod:UnknownDraw","sneckomod:UnknownBlock","sneckomod:DiceBlock"],"picked":"Singing Bowl","floor":14},{"not_picked":["sneckomod:Nope","sneckomod:SerpentIdol"],"picked":"sneckomod:Mudshield","floor":15}],"player_experience":1945339,"relics_obtained":[{"floor":5,"key":"Ornamental Fan"},{"floor":7,"key":"Singing Bowl"},{"floor":8,"key":"War Paint"},{"floor":13,"key":"Ginger"}],"event_choices":[{"damage_healed":0,"gold_gain":0,"player_choice":"Collected Statue","damage_taken":0,"relics_obtained":["downfall:BrokenWingStatue"],"max_hp_gain":0,"max_hp_loss":0,"event_name":"downfall:WingStatue","floor":10,"gold_loss":0},{"damage_healed":0,"gold_gain":0,"player_choice":"Ignored","damage_taken":0,"max_hp_gain":0,"max_hp_loss":0,"event_name":"downfall:ShiningLight","floor":12,"gold_loss":0}],"is_beta":false,"boss_relics":[],"items_purged_floors":[],"is_endless":false,"potions_floor_spawned":[3,13,14],"killed_by":"HERMIT_SHARPSHOOTER_ARCHETYPE","ascension_level":0}