{"gold_per_floor":[112,112,124,49,49,80,10,26,26,58,58,58,58,89,89,89],"floor_reached":16,"playtime":737,"items_purged":["Catalyst"],"score":162,"play_id":"239ca44e-fc11-48c6-a1ac-718332a150fe","local_time":"20181205220304","is_ascension_mode":true,"campfire_choices":[{"floor":11,"key":"REST"},{"floor":13,"key":"REST"},{"floor":15,"key":"REST"}],"neow_cost":"NONE","seed_source_timestamp":18963369813867,"circlet_count":0,"master_deck":["Defend_G","Defend_G","Defend_G","Defend_G","Defend_G","Strike_G","Strike_G","Strike_G","Strike_G","Strike_G","Survivor","Neutralize","Accuracy","Neutralize","Blind","Cloak And Dagger","Accuracy","Heel Hook"],"relics":["Ring of the Snake","Bag of Preparation","Shovel","Ginger","Unceasing Top","Smiling Mask","Lantern"],"potions_floor_usage":[10],"damage_taken":[{"damage":0,"enemies":"2 Louse","floor":1,"turns":3},{"damage":5,"enemies":"Cultist","floor":3,"turns":5},{"damage":28,"enemies":"3 Sentries","floor":6,"turns":13},{"damage":0,"enemies":"Small Slimes","floor":8,"turns":4},{"damage":10,"enemies":"Lagavulin","floor":10,"turns":8},{"damage":33,"enemies":"3 Sentries","floor":14,"turns":13},{"damage":43,"enemies":"Slime Boss","floor":16,"turns":8}],"seed_played":"3908278695437694082","potions_obtained":[{"floor":8,"key":"AttackPotion"}],"is_trial":false,"path_per_floor":["M","?","M","$","?","E","$","M","T","E","R","?","R","E","R","B"],"character_chosen":"THE_SILENT","items_purchased":["Accuracy"],"campfire_rested":3,"item_purchase_floors":[7],"current_hp_per_floor":[63,63,58,58,58,30,30,30,30,20,41,23,44,11,32,0],"gold":89,"neow_bonus":"RANDOM_COMMON_RELIC","is_prod":false,"is_daily":false,"chose_seed":false,"campfire_upgraded":0,"win_rate":0,"timestamp":1544065384,"path_taken":["M","?","?","$","?","E","$","M","T","E","R","?","R","E","R","BOSS"],"build_version":"2018-11-15","purchased_purges":1,"victory":false,"max_hp_per_floor":[70,70,70,70,70,70,70,70,70,70,70,70,70,70,70,70],"card_choices":[{"not_picked":["Dagger Throw","Prepared"],"picked":"Accuracy","floor":1},{"not_picked":["Choke","Outmaneuver"],"picked":"Cloak And Dagger","floor":3},{"not_picked":["Bullet Time","Dagger Spray","Poisoned Stab"],"picked":"SKIP","floor":6},{"not_picked":["Tactician","Catalyst"],"picked":"Heel Hook","floor":8},{"not_picked":["Dagger Throw","Skewer","Bane"],"picked":"SKIP","floor":10},{"not_picked":["Catalyst","PiercingWail","Underhanded Strike"],"picked":"SKIP","floor":14}],"player_experience":618738,"relics_obtained":[{"floor":6,"key":"Shovel"},{"floor":9,"key":"Ginger"},{"floor":10,"key":"Unceasing Top"},{"floor":14,"key":"Lantern"}],"event_choices":[{"damage_healed":0,"gold_gain":0,"player_choice":"3 cards matched","damage_taken":0,"max_hp_gain":0,"max_hp_loss":0,"event_name":"Match and Keep!","floor":2,"gold_loss":0,"cards_obtained":["Neutralize","Catalyst","Blind"]},{"damage_healed":0,"gold_gain":0,"player_choice":"Leave","damage_taken":0,"max_hp_gain":0,"max_hp_loss":0,"event_name":"The Cleric","floor":5,"gold_loss":0},{"damage_healed":0,"gold_gain":0,"player_choice":"Success","damage_taken":18,"relics_obtained":["Smiling Mask"],"max_hp_gain":0,"max_hp_loss":0,"event_name":"Scrap Ooze","floor":12,"gold_loss":0}],"is_beta":false,"boss_relics":[],"items_purged_floors":[4],"is_endless":false,"potions_floor_spawned":[8],"killed_by":"Slime Boss","ascension_level":8}