{"gold_per_floor":[360,45,45,62,62,93,108,108,135,165,181,199,212,223,223,327,327,347,347,19,19,36,36,54,72,121,121,132,33,52,152,152,257,257,272,272,97,117,128,128],"floor_reached":40,"playtime":3049,"items_purged":["Pain","Writhe"],"score":549,"play_id":"9c00c2e3-ef89-40ca-99a1-097a11036578","local_time":"20181217222702","is_ascension_mode":true,"campfire_choices":[{"floor":8.0,"key":"REST"},{"data":"Cloak And Dagger","floor":15.0,"key":"SMITH"},{"floor":23.0,"key":"REST"},{"floor":27,"key":"REST"},{"floor":32,"key":"REST"}],"neow_cost":"CURSE","seed_source_timestamp":0,"circlet_count":0,"master_deck":["Survivor","Neutralize","Backstab","Cloak And Dagger+1","Deflect","Flying Knee","Terror","Bane","Bullet Time","Dodge and Roll","Blade Dance","PiercingWail","Deadly Poison","Expertise","Dodge and Roll","Footwork","Deadly Poison","After Image","All Out Attack","Catalyst","Cloak And Dagger","Infinite Blades+1","Burst","Backflip+1","Madness","Madness"],"special_seed":0,"relics":["Ring of the Snake","War Paint","Sundial","Omamori","Anchor","Snake Skull","Pandora\u0027s Box","Membership Card","Meat on the Bone","Dream Catcher","TwistedFunnel","Calling Bell","Boot","Darkstone Periapt","Ginger","Mummified Hand"],"potions_floor_usage":[33,33,33],"damage_taken":[{"damage":20.0,"enemies":"Small Slimes","floor":1.0,"turns":5.0},{"damage":0.0,"enemies":"Jaw Worm","floor":4.0,"turns":4.0},{"damage":48.0,"enemies":"Lagavulin","floor":6.0,"turns":8.0},{"damage":0.0,"enemies":"2 Louse","floor":7.0,"turns":3.0},{"damage":1.0,"enemies":"Exordium Wildlife","floor":11.0,"turns":3.0},{"damage":0.0,"enemies":"Blue Slaver","floor":12.0,"turns":3.0},{"damage":0.0,"enemies":"Red Slaver","floor":13.0,"turns":4.0},{"damage":0.0,"enemies":"Looter","floor":14.0,"turns":2.0},{"damage":32.0,"enemies":"Hexaghost","floor":16.0,"turns":13.0},{"damage":20.0,"enemies":"Chosen","floor":18.0,"turns":5.0},{"damage":2.0,"enemies":"3 Byrds","floor":22.0,"turns":6.0},{"damage":13.0,"enemies":"3 Cultists","floor":24.0,"turns":8.0},{"damage":24,"enemies":"Sentry and Sphere","floor":25,"turns":7},{"damage":5,"enemies":"Snake Plant","floor":28,"turns":5},{"damage":15,"enemies":"3 Cultists","floor":30,"turns":5},{"damage":63,"enemies":"Automaton","floor":33,"turns":14},{"damage":4,"enemies":"Orb Walker","floor":35,"turns":3},{"damage":21,"enemies":"3 Darklings","floor":38,"turns":6},{"damage":22,"enemies":"Transient","floor":39,"turns":5},{"damage":47,"enemies":"Giant Head","floor":40,"turns":7}],"seed_played":"-5963899274522047707","potions_obtained":[{"floor":4.0,"key":"Poison Potion"},{"floor":11.0,"key":"Dexterity Potion"},{"floor":13.0,"key":"Regen Potion"},{"floor":16.0,"key":"PowerPotion"},{"floor":22.0,"key":"Dexterity Potion"},{"floor":25,"key":"Dexterity Potion"},{"floor":30,"key":"Dexterity Potion"},{"floor":39,"key":"EssenceOfSteel"}],"is_trial":false,"path_per_floor":["M","$","?","M","T","E","M","R","T","?","M","M","M","M","R","B",null,"M","?","$","?","M","R","M","M","T","R","M","$","M","?","R","B",null,"M","?","$","M","M","E"],"character_chosen":"THE_SILENT","items_purchased":["Backstab","War Paint","Cloak And Dagger","Membership Card","Meat on the Bone","TwistedFunnel","Mummified Hand"],"campfire_rested":4,"item_purchase_floors":[2,2,2,20,20,29,37],"current_hp_per_floor":[43,43,66,66,66,18,18,39,39,39,38,38,38,38,38,20,58,38,38,38,38,36,57,44,32,32,53,48,48,45,45,66,15,56,52,43,43,34,24,0],"gold":128,"neow_bonus":"TWO_FIFTY_GOLD","is_prod":false,"is_daily":false,"chose_seed":false,"campfire_upgraded":1,"win_rate":0,"timestamp":1545103622,"path_taken":["M","$","?","M","?","E","M","R","T","?","M","M","M","M","R","BOSS","M","?","$","?","M","R","M","M","T","R","M","$","?","?","R","BOSS","M","?","$","M","M","E"],"build_version":"2018-12-13","purchased_purges":2,"victory":false,"max_hp_per_floor":[70,70,70,70,70,70,70,70,70,70,70,70,70,70,70,70,70,70,70,70,70,70,70,70,70,70,70,70,70,70,70,70,70,70,70,70,70,70,70,70],"card_choices":[{"not_picked":["Quick Slash","PiercingWail","Well Laid Plans"],"picked":"SKIP","floor":1.0},{"not_picked":["Bouncing Flask","Sucker Punch","Blur"],"picked":"SKIP","floor":4.0},{"not_picked":["Dagger Spray","Quick Slash"],"picked":"Deflect","floor":6.0},{"not_picked":["Catalyst","Deflect"],"picked":"Flying Knee","floor":7.0},{"not_picked":["Calculated Gamble","Dodge and Roll","PiercingWail"],"picked":"SKIP","floor":11.0},{"not_picked":["Endless Agony","Outmaneuver"],"picked":"Terror","floor":12.0},{"not_picked":["Night Terror","Blade Dance","Outmaneuver"],"picked":"SKIP","floor":13.0},{"not_picked":["Underhanded Strike","Skewer"],"picked":"Bane","floor":14.0},{"not_picked":["A Thousand Cuts","Doppelganger"],"picked":"Bullet Time","floor":16.0},{"not_picked":["Predator+1","Backflip","Acrobatics"],"picked":"SKIP","floor":18.0},{"not_picked":["Skewer","Cloak And Dagger","Dagger Spray"],"picked":"SKIP","floor":22.0},{"not_picked":["Eviscerate","Flechettes"],"picked":"All Out Attack","floor":24.0},{"not_picked":["Concentrate","Dagger Throw"],"picked":"Catalyst","floor":25},{"not_picked":["Masterful Stab","Expertise+1"],"picked":"Cloak And Dagger","floor":27},{"not_picked":["Dodge and Roll","Prepared","Deadly Poison"],"picked":"SKIP","floor":28},{"not_picked":["Setup","Masterful Stab+1","Outmaneuver"],"picked":"SKIP","floor":30},{"not_picked":["PiercingWail","Dodge and Roll+1"],"picked":"Infinite Blades+1","floor":32},{"not_picked":["Adrenaline","Venomology"],"picked":"Burst","floor":33},{"not_picked":["Poisoned Stab","Dodge and Roll+1"],"picked":"Backflip+1","floor":35},{"not_picked":["Poisoned Stab+1","Dagger Spray","Predator"],"picked":"SKIP","floor":38},{"not_picked":["Choke+1","Expertise","Sucker Punch+1"],"picked":"SKIP","floor":39}],"player_experience":643381,"relics_obtained":[{"floor":5.0,"key":"Sundial"},{"floor":6.0,"key":"Omamori"},{"floor":9.0,"key":"Anchor"},{"floor":26,"key":"Dream Catcher"},{"floor":34,"key":"Boot"},{"floor":34,"key":"Darkstone Periapt"},{"floor":34,"key":"Ginger"}],"event_choices":[{"damage_healed":23.0,"max_hp_gain":0.0,"max_hp_loss":0.0,"gold_gain":0.0,"event_name":"Big Fish","player_choice":"Banana","floor":3.0,"gold_loss":0.0,"damage_taken":0.0},{"damage_healed":0.0,"max_hp_gain":0.0,"max_hp_loss":0.0,"gold_gain":30.0,"event_name":"Dead Adventurer","player_choice":"Searched \u00272\u0027 times","floor":10.0,"gold_loss":0.0,"damage_taken":0.0,"relics_obtained":["Snake Skull"]},{"cards_removed":["Accuracy"],"damage_healed":0.0,"max_hp_gain":0.0,"max_hp_loss":0.0,"gold_gain":0.0,"event_name":"Back to Basics","player_choice":"Elegance","floor":19.0,"gold_loss":0.0,"damage_taken":0.0},{"damage_healed":0.0,"max_hp_gain":0.0,"max_hp_loss":0.0,"gold_gain":0.0,"cards_transformed":["Dash"],"event_name":"Transmorgrifier","player_choice":"Transformed","floor":21.0,"gold_loss":0.0,"damage_taken":0.0,"cards_obtained":["After Image"]},{"damage_healed":0,"gold_gain":100,"player_choice":"Pray","damage_taken":0,"max_hp_gain":0,"max_hp_loss":0,"event_name":"Golden Shrine","floor":31,"gold_loss":0},{"damage_healed":0,"gold_gain":0,"player_choice":"Embrace Madness","damage_taken":9,"max_hp_gain":0,"max_hp_loss":0,"event_name":"Winding Halls","floor":36,"gold_loss":0,"cards_obtained":["Madness","Madness"]}],"is_beta":false,"boss_relics":[{"not_picked":["Sozu","Runic Dome"],"picked":"Pandora\u0027s Box"},{"not_picked":["Busted Crown","Orrery"],"picked":"Calling Bell"}],"items_purged_floors":[2,37],"is_endless":false,"potions_floor_spawned":[4,11,13,16,22,25,30,39],"killed_by":"Giant Head","ascension_level":8}