{"gold_per_floor":[114,114,114,131,131,131,158,174,174,190,190,11,24,51,51,156,156,171,171,183,108,208,233,233,9,36,36,36,71,97,131,131,234,234,251,251,251,265,284,284,318,318,343,375,388,462,96,109,109,109],"floor_reached":51,"playtime":2285,"items_purged":["Strike_G"],"score":1400,"play_id":"624ef02a-b94e-4517-90ca-01588dadf023","local_time":"20190125133033","is_ascension_mode":true,"campfire_choices":[{"data":"Neutralize","floor":6.0,"key":"SMITH"},{"floor":15.0,"key":"REST"},{"data":"Storm of Steel","floor":24,"key":"SMITH"},{"data":"Cloak And Dagger","floor":28,"key":"SMITH"},{"floor":32,"key":"REST"},{"data":"Jack Of All Trades","floor":40,"key":"SMITH"},{"floor":42,"key":"REST"},{"floor":49,"key":"REST"}],"neow_cost":"NONE","seed_source_timestamp":0,"circlet_count":0,"master_deck":["AscendersBane","Defend_G+1","Defend_G","Defend_G","Defend_G","Strike_G","Survivor","Neutralize+1","Poisoned Stab","Blade Dance+1","Deflect+1","Glass Knife+1","Infinite Blades","Storm of Steel+1","Slice","Cloak And Dagger+1","Backflip","Phantasmal Killer","Burst","Tactician+1","Master of Strategy","Jack Of All Trades+1","Violence","Infinite Blades","Cloak And Dagger+1","Accuracy","Accuracy"],"special_seed":0,"relics":["Ring of the Snake","NeowsBlessing","Shuriken","Bottled Lightning","Calipers","War Paint","Tough Bandages","WristBlade","The Specimen","Singing Bowl","Mango","Ancient Tea Set","Strawberry","WingedGreaves","Letter Opener","Pen Nib","Empty Cage","Bronze Scales","Omamori","Oddly Smooth Stone","Kunai","FossilizedHelix"],"potions_floor_usage":[30,41],"damage_taken":[{"damage":0.0,"enemies":"Cultist","floor":1.0,"turns":1.0},{"damage":0.0,"enemies":"Jaw Worm","floor":4.0,"turns":1.0},{"damage":0.0,"enemies":"Gremlin Nob","floor":7.0,"turns":1.0},{"damage":0.0,"enemies":"Small Slimes","floor":8.0,"turns":4.0},{"damage":16.0,"enemies":"Gremlin Gang","floor":10.0,"turns":5.0},{"damage":0.0,"enemies":"Blue Slaver","floor":13.0,"turns":1.0},{"damage":14.0,"enemies":"Lagavulin","floor":14.0,"turns":5.0},{"damage":0.0,"enemies":"Hexaghost","floor":16.0,"turns":8.0},{"damage":0.0,"enemies":"Spheric Guardian","floor":18.0,"turns":2.0},{"damage":1.0,"enemies":"Shell Parasite","floor":20.0,"turns":3.0},{"damage":4,"enemies":"Colosseum Slavers","floor":22,"turns":3},{"damage":2,"enemies":"Colosseum Nobs","floor":22,"turns":4},{"damage":17,"enemies":"Gremlin Leader","floor":23,"turns":6},{"damage":16,"enemies":"Book of Stabbing","floor":29,"turns":5},{"damage":14,"enemies":"Slavers","floor":30,"turns":4},{"damage":4,"enemies":"Book of Stabbing","floor":31,"turns":4},{"damage":49,"enemies":"Collector","floor":33,"turns":6},{"damage":10,"enemies":"3 Shapes","floor":35,"turns":5},{"damage":19,"enemies":"Orb Walker","floor":38,"turns":3},{"damage":0,"enemies":"Maw","floor":39,"turns":5},{"damage":0,"enemies":"Reptomancer","floor":41,"turns":5},{"damage":29,"enemies":"Nemesis","floor":44,"turns":5},{"damage":0,"enemies":"4 Shapes","floor":45,"turns":3},{"damage":0,"enemies":"Spire Growth","floor":48,"turns":4},{"damage":64,"enemies":"Awakened One","floor":50,"turns":11}],"seed_played":"549255915514809144","potions_obtained":[{"floor":8.0,"key":"EssenceOfSteel"},{"floor":13.0,"key":"EssenceOfSteel"},{"floor":22,"key":"Explosive Potion"},{"floor":31,"key":"FairyPotion"},{"floor":38,"key":"SpeedPotion"},{"floor":41,"key":"FearPotion"}],"is_trial":false,"path_per_floor":["M","T","?","M","?","R","E","M","T","M","?","$","M","E","R","B",null,"M","?","M","?","?","E","R","$","T","$","R","E","E","E","R","B",null,"M","?","?","M","M","R","E","R","T","E","M","T","$","M","R","B",null],"character_chosen":"THE_SILENT","items_purchased":["Infinite Blades","War Paint","Ancient Tea Set","Accuracy","FossilizedHelix"],"campfire_rested":4,"item_purchase_floors":[12,12,25,47,47],"current_hp_per_floor":[63,63,63,63,63,63,63,63,63,47,47,47,47,33,54,54,66,66,66,65,65,59,58,58,58,65,65,65,49,37,33,61,12,74,64,54,54,37,39,39,39,68,68,41,41,41,41,43,73,9],"gold":109,"neow_bonus":"THREE_ENEMY_KILL","is_prod":false,"is_daily":false,"chose_seed":false,"campfire_upgraded":4,"win_rate":0,"timestamp":1548441033,"path_taken":["M","?","?","?","?","R","E","M","T","?","?","$","M","E","R","BOSS","M","?","M","?","?","E","R","$","T","?","R","E","E","E","R","BOSS","M","?","?","?","M","R","E","R","T","E","M","?","$","M","R","BOSS"],"build_version":"2019-01-23","purchased_purges":1,"victory":true,"max_hp_per_floor":[70,70,70,70,70,70,70,70,70,70,70,70,70,70,70,70,70,70,70,70,70,70,86,86,86,93,93,93,93,95,95,95,95,95,95,95,95,97,99,99,99,99,99,101,101,101,101,103,103,103],"card_choices":[{"not_picked":["Dagger Spray","Prepared"],"picked":"Poisoned Stab","floor":1.0},{"not_picked":["Bouncing Flask","Deflect"],"picked":"Blade Dance","floor":4.0},{"not_picked":["Endless Agony","Well Laid Plans"],"picked":"Deflect","floor":7.0},{"not_picked":["Deadly Poison","Poisoned Stab"],"picked":"Glass Knife","floor":8.0},{"not_picked":["Deflect","Reflex","Quick Slash"],"picked":"SKIP","floor":10.0},{"not_picked":["Acrobatics","Sucker Punch","Outmaneuver"],"picked":"SKIP","floor":13.0},{"not_picked":["Riddle With Holes","Tools of the Trade","Sucker Punch"],"picked":"SKIP","floor":14.0},{"not_picked":["Envenom","Venomology"],"picked":"Storm of Steel","floor":16.0},{"not_picked":["Reflex","Deadly Poison"],"picked":"Slice","floor":18.0},{"not_picked":["Outmaneuver","Masterful Stab","Skewer"],"picked":"SKIP","floor":20.0},{"not_picked":["Concentrate","Poisoned Stab"],"picked":"Cloak And Dagger","floor":22},{"not_picked":["Dodge and Roll+1","Flying Knee","Sucker Punch+1"],"picked":"Singing Bowl","floor":23},{"not_picked":["Crippling Poison+1","Caltrops"],"picked":"Backflip","floor":29},{"not_picked":["Outmaneuver","Quick Slash","Acrobatics"],"picked":"Singing Bowl","floor":30},{"not_picked":["Flying Knee","Outmaneuver"],"picked":"Phantasmal Killer","floor":31},{"not_picked":["Malaise","A Thousand Cuts"],"picked":"Burst","floor":33},{"not_picked":["Leg Sweep+1","Flechettes"],"picked":"Tactician+1","floor":35},{"not_picked":["Impatience","Swift Strike"],"picked":"Master of Strategy","floor":36},{"not_picked":["Bandage Up","Chrysalis"],"picked":"Jack Of All Trades","floor":36},{"not_picked":["The Bomb","Impatience"],"picked":"Violence","floor":36},{"not_picked":["Flying Knee","Reflex","Deflect+1"],"picked":"Singing Bowl","floor":38},{"not_picked":["Underhanded Strike","Quick Slash","Bane+1"],"picked":"Singing Bowl","floor":39},{"not_picked":["Riddle With Holes","Glass Knife"],"picked":"Cloak And Dagger+1","floor":41},{"not_picked":["Deadly Poison","Poisoned Stab+1","Underhanded Strike"],"picked":"Singing Bowl","floor":44},{"not_picked":["Calculated Gamble","Endless Agony"],"picked":"Accuracy","floor":45},{"not_picked":["Outmaneuver+1","Acrobatics","PiercingWail+1"],"picked":"Singing Bowl","floor":48}],"player_experience":746043,"relics_obtained":[{"floor":2.0,"key":"Shuriken"},{"floor":7.0,"key":"Bottled Lightning"},{"floor":9.0,"key":"Calipers"},{"floor":14.0,"key":"Tough Bandages"},{"floor":22,"key":"The Specimen"},{"floor":22,"key":"Singing Bowl"},{"floor":23,"key":"Mango"},{"floor":26,"key":"Strawberry"},{"floor":29,"key":"WingedGreaves"},{"floor":30,"key":"Letter Opener"},{"floor":31,"key":"Pen Nib"},{"floor":41,"key":"Bronze Scales"},{"floor":43,"key":"Omamori"},{"floor":44,"key":"Oddly Smooth Stone"},{"floor":46,"key":"Kunai"}],"event_choices":[{"cards_removed":["Strike_G"],"damage_healed":0.0,"max_hp_gain":0.0,"max_hp_loss":0.0,"gold_gain":0.0,"event_name":"Bonfire Elementals","player_choice":"Offered Basic","floor":3.0,"gold_loss":0.0,"damage_taken":0.0},{"damage_healed":0.0,"max_hp_gain":0.0,"max_hp_loss":0.0,"gold_gain":0.0,"event_name":"Accursed Blacksmith","player_choice":"Forge","floor":5.0,"gold_loss":0.0,"damage_taken":0.0,"cards_upgraded":["Blade Dance"]},{"damage_healed":0.0,"max_hp_gain":0.0,"max_hp_loss":0.0,"gold_gain":0.0,"event_name":"Upgrade Shrine","player_choice":"Upgraded","floor":11.0,"gold_loss":0.0,"damage_taken":0.0,"cards_upgraded":["Glass Knife"]},{"damage_healed":0.0,"max_hp_gain":0.0,"max_hp_loss":0.0,"gold_gain":0.0,"event_name":"Vampires","player_choice":"Ignored","floor":19.0,"gold_loss":0.0,"damage_taken":0.0},{"cards_removed":["Strike_G"],"damage_healed":0.0,"max_hp_gain":0.0,"max_hp_loss":0.0,"gold_gain":0.0,"event_name":"Beggar","player_choice":"Gave Gold","floor":21.0,"gold_loss":75.0,"damage_taken":0.0},{"damage_healed":0,"gold_gain":0,"player_choice":"Fight","damage_taken":0,"max_hp_gain":0,"max_hp_loss":0,"event_name":"Colosseum","floor":22,"gold_loss":0},{"damage_healed":0,"gold_gain":0,"player_choice":"Fought Nobs","damage_taken":0,"max_hp_gain":0,"max_hp_loss":0,"event_name":"Colosseum","floor":22,"gold_loss":0},{"damage_healed":0,"gold_gain":0,"player_choice":"Memory 3","damage_taken":10,"max_hp_gain":0,"max_hp_loss":0,"event_name":"SensoryStone","floor":36,"gold_loss":0},{"damage_healed":0,"gold_gain":0,"player_choice":"Copied","damage_taken":0,"max_hp_gain":0,"max_hp_loss":0,"event_name":"Duplicator","floor":37,"gold_loss":0,"cards_obtained":["Infinite Blades"]}],"is_beta":false,"boss_relics":[{"not_picked":["Cursed Key","Lizard Tail"],"picked":"WristBlade"},{"not_picked":["Fusion Hammer","White Beast Statue"],"picked":"Empty Cage"}],"items_purged_floors":[25],"is_endless":false,"potions_floor_spawned":[8,13,14,22,22,31,38,39,41],"ascension_level":11}