{"gold_per_floor":[116,116,41,41,41,59,24,57,357,357,373,373,408,418,418,523,523,537,25,124,49,68,68],"floor_reached":23,"playtime":1025,"items_purged":["Doubt","Injury"],"score":315,"play_id":"a0a686bd-3486-46df-85de-99a937c001f5","local_time":"20190131223024","is_ascension_mode":true,"campfire_choices":[{"floor":12.0,"key":"REST"},{"data":"Sucker Punch","floor":15.0,"key":"SMITH"}],"neow_cost":"NONE","seed_source_timestamp":0,"circlet_count":0,"master_deck":["AscendersBane","Defend_G","Defend_G","Defend_G","Defend_G","Defend_G","Strike_G","Strike_G","Strike_G+1","Strike_G","Strike_G","Survivor","Neutralize+1","Dagger Spray","Footwork+1","Sucker Punch+1","Calculated Gamble","Burst","Escape Plan","Noxious Fumes+1"],"special_seed":0,"relics":["Calling Bell","Centennial Puzzle","Pantograph","WingedGreaves","Happy Flower","Frozen Egg 2","Turnip","Old Coin","Whetstone","Paper Crane","Black Star","Snake Skull","TwistedFunnel"],"potions_floor_usage":[23],"damage_taken":[{"damage":8.0,"enemies":"Small Slimes","floor":1.0,"turns":9.0},{"damage":4.0,"enemies":"2 Louse","floor":6.0,"turns":4.0},{"damage":37.0,"enemies":"3 Sentries","floor":8.0,"turns":10.0},{"damage":0.0,"enemies":"Cultist","floor":11.0,"turns":5.0},{"damage":35.0,"enemies":"Gremlin Nob","floor":13.0,"turns":6.0},{"damage":0.0,"enemies":"Blue Slaver","floor":14.0,"turns":5.0},{"damage":22.0,"enemies":"The Guardian","floor":16.0,"turns":23.0},{"damage":27.0,"enemies":"3 Byrds","floor":18.0,"turns":9.0},{"damage":7,"enemies":"Shell Parasite","floor":22,"turns":8},{"damage":21,"enemies":"Book of Stabbing","floor":23,"turns":4}],"seed_played":"-7998102583175784930","potions_obtained":[{"floor":8.0,"key":"SkillPotion"},{"floor":14.0,"key":"Energy Potion"}],"is_trial":false,"path_per_floor":["M","?","$","?","?","M","?","E","T","T","M","R","E","M","R","B",null,"M","$","?","?","M","E"],"character_chosen":"THE_SILENT","items_purchased":["Snake Skull","Noxious Fumes+1","TwistedFunnel"],"campfire_rested":1,"item_purchase_floors":[19,19,19],"current_hp_per_floor":[55,48,48,41,41,37,54,17,17,17,17,38,3,3,3,6,54,27,27,27,27,20,0],"gold":68,"neow_bonus":"BOSS_RELIC","is_prod":false,"is_daily":false,"chose_seed":false,"campfire_upgraded":1,"win_rate":0,"timestamp":1548991824,"path_taken":["M","?","$","?","?","?","?","E","T","?","M","R","E","M","R","BOSS","M","$","?","?","?","E"],"build_version":"2019-01-23","purchased_purges":2,"victory":false,"max_hp_per_floor":[70,70,70,70,70,70,70,70,70,70,70,70,70,70,70,70,70,70,70,70,70,70,70],"card_choices":[{"not_picked":["Deadly Poison","Infinite Blades"],"picked":"Dagger Throw","floor":1.0},{"not_picked":["Cloak And Dagger","Flying Knee"],"picked":"Dagger Spray","floor":6.0},{"not_picked":["Poisoned Stab","Quick Slash"],"picked":"Footwork+1","floor":8.0},{"not_picked":["Acrobatics","Bane"],"picked":"Accuracy+1","floor":11.0},{"not_picked":["Endless Agony","Unload"],"picked":"Sucker Punch","floor":13.0},{"not_picked":["Acrobatics","Bane"],"picked":"Calculated Gamble","floor":14.0},{"not_picked":["Night Terror","Tools of the Trade+1"],"picked":"Burst","floor":16.0},{"not_picked":["Riddle With Holes","Backflip"],"picked":"Escape Plan","floor":18.0},{"not_picked":["Acrobatics","Prepared","Quick Slash"],"picked":"SKIP","floor":22},{"not_picked":["Acrobatics","Prepared","Quick Slash"],"picked":"SKIP","floor":22}],"player_experience":769066,"relics_obtained":[{"floor":0.0,"key":"Centennial Puzzle"},{"floor":0.0,"key":"Pantograph"},{"floor":0.0,"key":"WingedGreaves"},{"floor":8.0,"key":"Turnip"},{"floor":9.0,"key":"Old Coin"},{"floor":10.0,"key":"Whetstone"},{"floor":13.0,"key":"Paper Crane"}],"event_choices":[{"damage_healed":0.0,"max_hp_gain":0.0,"max_hp_loss":0.0,"gold_gain":0.0,"event_name":"Scrap Ooze","player_choice":"Success","floor":2.0,"gold_loss":0.0,"damage_taken":7.0,"relics_obtained":["Happy Flower"]},{"cards_removed":["Doubt"],"damage_healed":0.0,"max_hp_gain":0.0,"max_hp_loss":0.0,"gold_gain":0.0,"event_name":"Golden Wing","player_choice":"Card Removal","floor":4.0,"gold_loss":0.0,"damage_taken":7.0},{"cards_removed":["Dagger Throw"],"damage_healed":0.0,"max_hp_gain":0.0,"max_hp_loss":0.0,"gold_gain":0.0,"event_name":"WeMeetAgain","player_choice":"Gave Card","floor":5.0,"gold_loss":0.0,"damage_taken":0.0,"relics_obtained":["Frozen Egg 2"]},{"damage_healed":17.0,"max_hp_gain":0.0,"max_hp_loss":0.0,"gold_gain":0.0,"event_name":"The Cleric","player_choice":"Healed","floor":7.0,"gold_loss":35.0,"damage_taken":0.0},{"damage_healed":0.0,"max_hp_gain":0.0,"max_hp_loss":0.0,"gold_gain":99.0,"event_name":"Nest","player_choice":"Stole From Cult","floor":20.0,"gold_loss":0.0,"damage_taken":0.0},{"cards_removed":["Accuracy"],"damage_healed":0.0,"max_hp_gain":0.0,"max_hp_loss":0.0,"gold_gain":0.0,"event_name":"Beggar","player_choice":"Gave Gold","floor":21.0,"gold_loss":75.0,"damage_taken":0.0}],"is_beta":false,"boss_relics":[{"not_picked":["Snecko Eye","Coffee Dripper"],"picked":"Black Star"}],"items_purged_floors":[3,19],"is_endless":false,"potions_floor_spawned":[8,14,16,18],"killed_by":"Book of Stabbing","ascension_level":12}