{"gold_per_floor":[114,114,130,148,148,177,177,194,194,194,225,225,325,359,359,462,462,479,491,505,420,445,445,478,478,478,32,32,44,61,161,161,261,261,277,297,297,297,397,414,6,6,6,6,61,92,92,43,43,43,43,43,43,43],"floor_reached":54,"playtime":2097,"items_purged":["Strike_G","Strike_G"],"score":1128,"play_id":"6ca3c3e8-d267-4307-8940-924f44e95b1e","local_time":"20190206232803","is_ascension_mode":true,"campfire_choices":[{"floor":7,"key":"REST"},{"data":"Neutralize","floor":10,"key":"SMITH"},{"floor":12,"key":"REST"},{"data":"Adrenaline","floor":15,"key":"SMITH"},{"data":"Glass Knife","floor":23,"key":"SMITH"},{"floor":25,"key":"REST"},{"data":"Accuracy","floor":28,"key":"SMITH"},{"data":"Cloak And Dagger","floor":32,"key":"SMITH"},{"data":"Apotheosis","floor":42,"key":"SMITH"},{"floor":47,"key":"RECALL"},{"data":"Infinite Blades","floor":49,"key":"SMITH"},{"data":"Blade Dance","floor":52,"key":"SMITH"}],"neow_cost":"NONE","seed_source_timestamp":96557944293049,"circlet_count":0,"master_deck":["AscendersBane","Defend_G","Defend_G","Defend_G","Defend_G+1","Defend_G","Strike_G","Strike_G","Survivor","Neutralize+1","Cloak And Dagger+1","Slice","Dodge and Roll","Dagger Spray","Infinite Blades","Adrenaline+1","Glass Knife+1","Terror","Accuracy+1","Infinite Blades+1","Cloak And Dagger+1","Blade Dance+1","Blade Dance+1","Sadistic Nature","Apotheosis+1","Finesse"],"relics":["Busted Crown","Potion Belt","Vajra","Ninja Scroll","The Specimen","Eternal Feather","Regal Pillow","Snake Skull","Blue Candle","Omamori","Kunai","Thread and Needle","Darkstone Periapt","WristBlade","Calipers","Mango","Ginger","Pantograph"],"potions_floor_usage":[11,16,16,20,31,40,50,50],"damage_taken":[{"damage":0,"enemies":"2 Louse","floor":1,"turns":3},{"damage":0,"enemies":"Cultist","floor":3,"turns":5},{"damage":1,"enemies":"Small Slimes","floor":4,"turns":4},{"damage":37,"enemies":"Lagavulin","floor":6,"turns":11},{"damage":7,"enemies":"Exordium Thugs","floor":8,"turns":6},{"damage":14,"enemies":"Gremlin Nob","floor":11,"turns":4},{"damage":10,"enemies":"3 Sentries","floor":14,"turns":7},{"damage":17,"enemies":"Slime Boss","floor":16,"turns":11},{"damage":26,"enemies":"Chosen","floor":18,"turns":6},{"damage":0,"enemies":"3 Byrds","floor":19,"turns":5},{"damage":1,"enemies":"Centurion and Healer","floor":20,"turns":4},{"damage":38,"enemies":"Gremlin Leader","floor":24,"turns":6},{"damage":11,"enemies":"Snecko","floor":29,"turns":4},{"damage":4,"enemies":"Shelled Parasite and Fungi","floor":30,"turns":3},{"damage":0,"enemies":"Colosseum Slavers","floor":31,"turns":5},{"damage":8,"enemies":"Colosseum Nobs","floor":31,"turns":3},{"damage":26,"enemies":"Champ","floor":33,"turns":9},{"damage":0,"enemies":"Orb Walker","floor":35,"turns":2},{"damage":0,"enemies":"3 Shapes","floor":36,"turns":3},{"damage":4,"enemies":"Mind Bloom Boss Battle","floor":39,"turns":5},{"damage":0,"enemies":"Maw","floor":40,"turns":5},{"damage":15,"enemies":"2 Orb Walkers","floor":45,"turns":4},{"damage":7,"enemies":"Reptomancer","floor":46,"turns":5},{"damage":38,"enemies":"Awakened One","floor":50,"turns":9},{"damage":86,"enemies":"Shield and Spear","floor":54,"turns":3}],"seed_played":"-5175509506308095604","potions_obtained":[{"floor":4,"key":"GhostInAJar"},{"floor":6,"key":"Explosive Potion"},{"floor":8,"key":"AttackPotion"},{"floor":14,"key":"Swift Potion"},{"floor":18,"key":"Swift Potion"},{"floor":30,"key":"Strength Potion"},{"floor":39,"key":"LiquidBronze"},{"floor":40,"key":"Fruit Juice"},{"floor":45,"key":"FearPotion"}],"is_trial":false,"path_per_floor":["M","?","M","M","?","E","R","M","T","R","E","R","?","E","R","B",null,"M","M","M","?","T","R","E","R","T","$","R","M","M","?","R","B",null,"M","M","?","?","?","M","$","R","T","?","?","E","R","$","R","B",null,"R","$","E"],"character_chosen":"THE_SILENT","items_purchased":["Infinite Blades","Cloak And Dagger","Kunai","Mango","AttackPotion"],"campfire_rested":3,"item_purchase_floors":[27,27,27,41,48],"current_hp_per_floor":[63,63,63,62,48,11,32,25,25,25,11,32,32,22,22,5,54,28,28,27,27,27,39,1,49,49,49,61,50,46,38,50,24,59,59,59,59,49,45,50,64,79,79,79,64,57,72,72,85,47,76,85,85,0],"gold":43,"neow_bonus":"BOSS_RELIC","is_prod":false,"is_daily":false,"chose_seed":false,"campfire_upgraded":8,"win_rate":0,"timestamp":1549513683,"path_taken":["M","?","?","M","?","E","R","M","T","R","E","R","?","E","R","BOSS","M","?","M","?","?","R","E","R","T","$","R","M","M","?","R","BOSS","M","M","?","?","?","?","$","R","T","?","?","E","R","?","R","BOSS","R","$","E"],"build_version":"2019-01-23","purchased_purges":2,"victory":false,"max_hp_per_floor":[70,70,70,70,70,70,70,70,70,70,70,70,70,70,70,70,70,70,70,70,70,70,70,70,70,70,70,70,70,70,70,70,70,70,70,70,70,70,70,75,89,89,89,85,85,85,85,85,85,85,85,85,85,85],"card_choices":[{"not_picked":[],"picked":"Cloak And Dagger","floor":1},{"not_picked":[],"picked":"Slice","floor":3},{"not_picked":[],"picked":"Dodge and Roll","floor":4},{"not_picked":[],"picked":"Dagger Spray","floor":6},{"not_picked":[],"picked":"Infinite Blades","floor":8},{"not_picked":["Underhanded Strike"],"picked":"SKIP","floor":11},{"not_picked":[],"picked":"Adrenaline","floor":14},{"not_picked":[],"picked":"Glass Knife","floor":16},{"not_picked":["Underhanded Strike"],"picked":"SKIP","floor":18},{"not_picked":[],"picked":"Terror","floor":19},{"not_picked":[],"picked":"Accuracy","floor":20},{"not_picked":["Dagger Throw"],"picked":"SKIP","floor":24},{"not_picked":[],"picked":"Blade Dance+1","floor":29},{"not_picked":["Flying Knee"],"picked":"SKIP","floor":30},{"not_picked":["Deflect+1"],"picked":"SKIP","floor":35},{"not_picked":[],"picked":"Blade Dance","floor":36},{"not_picked":[],"picked":"Sadistic Nature","floor":38},{"not_picked":[],"picked":"Apotheosis","floor":38},{"not_picked":[],"picked":"Finesse","floor":38},{"not_picked":["Dagger Throw"],"picked":"SKIP","floor":40},{"not_picked":["Flechettes"],"picked":"SKIP","floor":46}],"player_experience":781434,"relics_obtained":[{"floor":6,"key":"Potion Belt"},{"floor":9,"key":"Vajra"},{"floor":11,"key":"Ninja Scroll"},{"floor":14,"key":"The Specimen"},{"floor":22,"key":"Snake Skull"},{"floor":24,"key":"Blue Candle"},{"floor":26,"key":"Omamori"},{"floor":31,"key":"Thread and Needle"},{"floor":31,"key":"Darkstone Periapt"},{"floor":39,"key":"Calipers"},{"floor":45,"key":"Ginger"},{"floor":46,"key":"Pantograph"}],"event_choices":[{"cards_removed":["Strike_G"],"damage_healed":0,"gold_gain":0,"player_choice":"Offered Basic","damage_taken":0,"max_hp_gain":0,"max_hp_loss":0,"event_name":"Bonfire Elementals","floor":2,"gold_loss":0},{"damage_healed":0,"gold_gain":0,"player_choice":"Entered Light","damage_taken":14,"max_hp_gain":0,"max_hp_loss":0,"event_name":"Shining Light","floor":5,"gold_loss":0,"cards_upgraded":["Defend_G","Cloak And Dagger"]},{"damage_healed":0,"gold_gain":100,"player_choice":"Gold","damage_taken":0,"max_hp_gain":0,"max_hp_loss":0,"event_name":"Wheel of Change","floor":13,"gold_loss":0},{"damage_healed":0,"gold_gain":0,"player_choice":"Obtained Relic","damage_taken":0,"relics_obtained":["Regal Pillow"],"max_hp_gain":0,"max_hp_loss":0,"event_name":"Addict","floor":21,"gold_loss":85},{"damage_healed":0,"gold_gain":0,"player_choice":"Fight","damage_taken":0,"max_hp_gain":0,"max_hp_loss":0,"event_name":"Colosseum","floor":31,"gold_loss":0},{"damage_healed":0,"gold_gain":0,"player_choice":"Fought Nobs","damage_taken":0,"max_hp_gain":0,"max_hp_loss":0,"event_name":"Colosseum","floor":31,"gold_loss":0},{"damage_healed":0,"gold_gain":0,"player_choice":"Ignored","damage_taken":0,"max_hp_gain":0,"max_hp_loss":0,"event_name":"Tomb of Lord Red Mask","floor":37,"gold_loss":0},{"damage_healed":0,"gold_gain":0,"player_choice":"Memory 3","damage_taken":10,"max_hp_gain":0,"max_hp_loss":0,"event_name":"SensoryStone","floor":38,"gold_loss":0},{"damage_healed":0,"gold_gain":0,"player_choice":"Fight","damage_taken":0,"max_hp_gain":0,"max_hp_loss":0,"event_name":"MindBloom","floor":39,"gold_loss":0},{"damage_healed":0,"gold_gain":0,"player_choice":"Max HP","damage_taken":0,"max_hp_gain":0,"max_hp_loss":4,"event_name":"Winding Halls","floor":44,"gold_loss":0},{"damage_healed":0,"gold_gain":0,"player_choice":"Fight","damage_taken":0,"max_hp_gain":0,"max_hp_loss":0,"event_name":"Mysterious Sphere","floor":45,"gold_loss":0}],"is_beta":false,"boss_relics":[{"not_picked":["Fusion Hammer","Velvet Choker"],"picked":"Eternal Feather"},{"not_picked":["HoveringKite","White Beast Statue"],"picked":"WristBlade"}],"items_purged_floors":[27,41],"is_endless":false,"potions_floor_spawned":[4,6,8,14,18,30,31,39,40,45],"killed_by":"Shield and Spear","ascension_level":12}