{"gold_per_floor":[113,113,36,61,114,114,139,139,139,170,44,58,233,233,233,309,309,328,328,113,130,141,141,166,184,184,184,232,259,259,259,259,335,335,347,347,362,362,362,362,397,397,397,412,438,93,93,121,121,121],"floor_reached":50,"playtime":2187,"items_purged":[],"score":1086,"play_id":"263fccfd-84f6-4ee3-8c64-ae190ea8b4c5","local_time":"20190318175826","is_ascension_mode":true,"campfire_choices":[{"data":"Neutralize","floor":6,"key":"SMITH"},{"data":"Noxious Fumes","floor":8,"key":"SMITH"},{"data":"Bouncing Flask","floor":15,"key":"SMITH"},{"data":"Burst","floor":23,"key":"SMITH"},{"floor":27,"key":"REST"},{"data":"Adrenaline","floor":32,"key":"SMITH"},{"floor":40,"key":"RECALL"},{"data":"Noxious Fumes","floor":42,"key":"SMITH"},{"data":"Noxious Fumes","floor":49,"key":"SMITH"}],"neow_cost":"NONE","seed_source_timestamp":31803263896600,"circlet_count":0,"master_deck":["AscendersBane","Survivor","Neutralize+1","Dodge and Roll+1","Noxious Fumes+1","Poisoned Stab","PiercingWail","Bouncing Flask+1","Bane","Tactician","Burst+1","Caltrops","PiercingWail","Deflect","Adrenaline+1","Acrobatics","Backflip","Die Die Die","Leg Sweep+1","Envenom","PiercingWail","Jack Of All Trades","Poisoned Stab","Bouncing Flask","A Thousand Cuts","Venomology","Noxious Fumes+1","Neutralize","Crippling Poison","Distraction","Noxious Fumes+1","Writhe"],"relics":["Ring of the Snake","NeowsBlessing","Centennial Puzzle","Ancient Tea Set","Dream Catcher","Ornamental Fan","Juzu Bracelet","Singing Bowl","Pandora\u0027s Box","Tiny Chest","Oddly Smooth Stone","Snake Skull","Mummified Hand","Lizard Tail","Bottled Lightning","Blue Candle","Boot","ClockworkSouvenir","Calipers"],"potions_floor_usage":[24,35,35,37,41,44,44,45,45,48,50],"damage_taken":[{"damage":0,"enemies":"Jaw Worm","floor":1,"turns":1},{"damage":0,"enemies":"Lagavulin","floor":7,"turns":1},{"damage":0,"enemies":"3 Sentries","floor":10,"turns":1},{"damage":0,"enemies":"Cultist","floor":12,"turns":3},{"damage":53,"enemies":"The Guardian","floor":16,"turns":9},{"damage":3,"enemies":"Spheric Guardian","floor":18,"turns":3},{"damage":0,"enemies":"3 Byrds","floor":21,"turns":3},{"damage":17,"enemies":"Centurion and Healer","floor":22,"turns":6},{"damage":16,"enemies":"Slavers","floor":24,"turns":5},{"damage":3,"enemies":"Snake Plant","floor":25,"turns":3},{"damage":18,"enemies":"Book of Stabbing","floor":29,"turns":5},{"damage":15,"enemies":"Automaton","floor":33,"turns":8},{"damage":10,"enemies":"Orb Walker","floor":35,"turns":4},{"damage":16,"enemies":"3 Shapes","floor":37,"turns":4},{"damage":21,"enemies":"Reptomancer","floor":41,"turns":7},{"damage":0,"enemies":"Sphere and 2 Shapes","floor":44,"turns":4},{"damage":51,"enemies":"Giant Head","floor":45,"turns":8},{"damage":46,"enemies":"Reptomancer","floor":48,"turns":7},{"damage":60,"enemies":"Time Eater","floor":50,"turns":7}],"seed_played":"1343215498875649948","potions_obtained":[{"floor":10,"key":"Explosive Potion"},{"floor":12,"key":"Energy Potion"},{"floor":33,"key":"Swift Potion"},{"floor":48,"key":"SpeedPotion"}],"is_trial":false,"path_per_floor":["M","?","$","T","T","R","E","R","T","E","$","M","?","T","R","B",null,"M","?","$","M","M","R","E","M","T","R","T","E","?","?","R","B",null,"M","?","M","?","?","R","E","R","T","M","E","$","?","E","R","B"],"character_chosen":"THE_SILENT","items_purchased":["Noxious Fumes","Bouncing Flask","Bane","Tiny Chest","Jack Of All Trades","ClockworkSouvenir","Distraction","Noxious Fumes"],"campfire_rested":1,"item_purchase_floors":[3,11,11,20,20,46,46,46],"current_hp_per_floor":[63,63,63,63,63,63,63,63,63,63,63,63,63,63,63,10,55,52,52,52,52,37,37,21,20,20,44,44,26,86,86,86,71,82,72,72,72,72,74,74,53,53,53,55,6,6,30,59,59,0],"gold":121,"neow_bonus":"THREE_ENEMY_KILL","is_prod":false,"is_daily":false,"chose_seed":false,"campfire_upgraded":7,"win_rate":0,"timestamp":1552946306,"path_taken":["M","?","$","?","?","R","E","R","T","E","?","M","?","?","R","BOSS","M","?","$","M","M","R","E","M","T","R","?","E","?","?","R","BOSS","M","?","M","?","?","R","E","R","T","M","E","$","?","E","R","BOSS"],"build_version":"2019-01-23","purchased_purges":0,"victory":false,"max_hp_per_floor":[70,70,70,70,70,70,70,70,70,70,70,70,70,70,70,70,70,70,70,70,70,72,72,72,74,74,76,76,76,86,86,86,86,86,86,86,88,88,90,90,90,90,90,92,94,94,94,96,96,96],"card_choices":[{"not_picked":["Dagger Throw","Prepared"],"picked":"Dodge and Roll","floor":1},{"not_picked":["Dodge and Roll","Die Die Die"],"picked":"Poisoned Stab","floor":7},{"not_picked":["Tactician","Accuracy"],"picked":"PiercingWail","floor":10},{"not_picked":["Prepared","Slice"],"picked":"Tactician","floor":12},{"not_picked":["Wraith Form v2","Grand Finale"],"picked":"Burst","floor":16},{"not_picked":["Acrobatics","Deadly Poison"],"picked":"Leg Sweep+1","floor":18},{"not_picked":["Quick Slash","Underhanded Strike"],"picked":"Poisoned Stab","floor":21},{"not_picked":["Setup","Flechettes","Slice"],"picked":"Singing Bowl","floor":22},{"not_picked":["Outmaneuver","Tools of the Trade"],"picked":"Bouncing Flask","floor":24},{"not_picked":["Calculated Gamble","Blade Dance","Dagger Throw"],"picked":"Singing Bowl","floor":25},{"not_picked":["Dagger Throw+1","Acrobatics","Caltrops"],"picked":"Singing Bowl","floor":27},{"not_picked":["Accuracy","Well Laid Plans"],"picked":"A Thousand Cuts","floor":29},{"not_picked":["Glass Knife","Tools of the Trade"],"picked":"Venomology","floor":33},{"not_picked":["Reflex","Eviscerate+1"],"picked":"Noxious Fumes","floor":35},{"not_picked":["Quick Slash+1","Concentrate","Backflip"],"picked":"Singing Bowl","floor":37},{"not_picked":["Deep Breath","The Bomb","Secret Technique"],"picked":"Singing Bowl","floor":39},{"not_picked":["Heel Hook","Expertise"],"picked":"Crippling Poison","floor":41},{"not_picked":["Flying Knee","Prepared+1","Riddle With Holes+1"],"picked":"Singing Bowl","floor":44},{"not_picked":["Bouncing Flask","Concentrate","Prepared+1"],"picked":"Singing Bowl","floor":45},{"not_picked":["Well Laid Plans","PiercingWail","Accuracy"],"picked":"Singing Bowl","floor":48}],"player_experience":822186,"relics_obtained":[{"floor":4,"key":"Centennial Puzzle"},{"floor":5,"key":"Ancient Tea Set"},{"floor":7,"key":"Dream Catcher"},{"floor":9,"key":"Ornamental Fan"},{"floor":10,"key":"Juzu Bracelet"},{"floor":14,"key":"Singing Bowl"},{"floor":24,"key":"Oddly Smooth Stone"},{"floor":28,"key":"Snake Skull"},{"floor":29,"key":"Mummified Hand"},{"floor":41,"key":"Bottled Lightning"},{"floor":43,"key":"Blue Candle"},{"floor":45,"key":"Boot"},{"floor":48,"key":"Calipers"}],"event_choices":[{"damage_healed":0,"gold_gain":0,"player_choice":"Upgraded","damage_taken":0,"max_hp_gain":0,"max_hp_loss":0,"event_name":"Upgrade Shrine","floor":2,"gold_loss":0,"cards_upgraded":["Dodge and Roll"]},{"damage_healed":0,"gold_gain":175,"player_choice":"AGREE","damage_taken":0,"max_hp_gain":0,"max_hp_loss":0,"event_name":"Liars Game","floor":13,"gold_loss":0,"cards_obtained":["Doubt"]},{"damage_healed":0,"gold_gain":0,"cards_transformed":["Grand Finale","Skewer"],"player_choice":"Became Test Subject","damage_taken":0,"max_hp_gain":0,"max_hp_loss":0,"event_name":"Drug Dealer","floor":19,"gold_loss":0,"cards_obtained":["Envenom","PiercingWail"]},{"cards_removed":["Die Die Die"],"damage_healed":50,"gold_gain":0,"player_choice":"Offered Rare","damage_taken":0,"max_hp_gain":10,"max_hp_loss":0,"event_name":"Bonfire Elementals","floor":30,"gold_loss":0},{"cards_removed":["Doubt"],"damage_healed":0,"gold_gain":0,"player_choice":"Purged","damage_taken":0,"max_hp_gain":0,"max_hp_loss":0,"event_name":"Purifier","floor":31,"gold_loss":0},{"damage_healed":0,"gold_gain":0,"player_choice":"Ignored","damage_taken":0,"max_hp_gain":0,"max_hp_loss":0,"event_name":"Tomb of Lord Red Mask","floor":36,"gold_loss":0},{"damage_healed":0,"gold_gain":0,"player_choice":"1 cards matched","damage_taken":0,"max_hp_gain":0,"max_hp_loss":0,"event_name":"Match and Keep!","floor":38,"gold_loss":0,"cards_obtained":["Neutralize"]},{"damage_healed":0,"gold_gain":0,"player_choice":"Memory 1","damage_taken":0,"max_hp_gain":0,"max_hp_loss":0,"event_name":"SensoryStone","floor":39,"gold_loss":0},{"damage_healed":24,"gold_gain":0,"player_choice":"Writhe","damage_taken":0,"max_hp_gain":0,"max_hp_loss":0,"event_name":"Winding Halls","floor":47,"gold_loss":0,"cards_obtained":["Writhe"]}],"is_beta":false,"boss_relics":[{"not_picked":["HoveringKite","Empty Cage"],"picked":"Pandora\u0027s Box"},{"not_picked":["Coffee Dripper","Eternal Feather"],"picked":"Lizard Tail"}],"items_purged_floors":[],"is_endless":false,"potions_floor_spawned":[10,12,18,22,33,37,48],"killed_by":"Time Eater","ascension_level":13}