{"gold_per_floor":[10,24,42,42,5,5,39,0,24,24,24,24,24,56,56,133,133,148,148,148,167,167,195,195,222,222,222],"floor_reached":27,"playtime":1056,"items_purged":[],"score":421,"play_id":"336344ad-49c0-4619-86a1-c7e8f8d0d6f7","local_time":"20190325220930","is_ascension_mode":true,"campfire_choices":[{"data":"Noxious Fumes","floor":6,"key":"SMITH"},{"floor":10,"key":"REST"},{"data":"Flechettes","floor":13,"key":"SMITH"},{"floor":15,"key":"REST"},{"floor":24,"key":"REST"}],"neow_cost":"NO_GOLD","seed_source_timestamp":211576274883600,"circlet_count":0,"master_deck":["AscendersBane","Defend_G","Defend_G","Defend_G","Defend_G","Strike_G","Strike_G","Strike_G+1","Survivor","Neutralize","Flechettes+1","Leg Sweep","Dagger Spray+1","Deadly Poison","Noxious Fumes+1","Acrobatics","Terror","Night Terror+1","Catalyst+1","Writhe","Backstab","Bouncing Flask"],"relics":["Ring of the Snake","Bronze Scales","Regal Pillow","Ginger","Vajra","Runic Pyramid","Enchiridion","Darkstone Periapt","Turnip","Whetstone","Mercury Hourglass"],"potions_floor_usage":[7,18,23,25],"damage_taken":[{"damage":0,"enemies":"Cultist","floor":1,"turns":5},{"damage":1,"enemies":"2 Louse","floor":2,"turns":3},{"damage":1,"enemies":"Jaw Worm","floor":3,"turns":3},{"damage":36,"enemies":"Lagavulin","floor":7,"turns":7},{"damage":21,"enemies":"Gremlin Nob","floor":14,"turns":5},{"damage":23,"enemies":"Slime Boss","floor":16,"turns":7},{"damage":4,"enemies":"Spheric Guardian","floor":18,"turns":4},{"damage":3,"enemies":"Chosen","floor":21,"turns":4},{"damage":26,"enemies":"Book of Stabbing","floor":23,"turns":5},{"damage":43,"enemies":"Slavers","floor":25,"turns":6},{"damage":20,"enemies":"Book of Stabbing","floor":27,"turns":4}],"seed_played":"365438310282517834","potions_obtained":[{"floor":1,"key":"EssenceOfSteel"},{"floor":7,"key":"GamblersBrew"},{"floor":14,"key":"Block Potion"},{"floor":21,"key":"PowerPotion"},{"floor":25,"key":"Ancient Potion"}],"is_trial":false,"path_per_floor":["M","M","M","?","$","R","E","?","T","R","T","$","R","E","R","B",null,"M","?","?","M","?","E","R","E","T","E"],"character_chosen":"THE_SILENT","items_purchased":["Noxious Fumes"],"campfire_rested":3,"item_purchase_floors":[5],"current_hp_per_floor":[63,62,61,61,61,61,25,25,25,61,61,61,61,40,70,47,64,60,44,50,47,47,21,58,15,15,0],"gold":222,"neow_bonus":"REMOVE_TWO","is_prod":false,"is_daily":false,"chose_seed":false,"campfire_upgraded":2,"win_rate":0,"timestamp":1553566170,"path_taken":["M","M","?","?","?","R","E","?","T","R","?","$","R","E","R","BOSS","M","?","?","M","?","E","R","E","T","E"],"build_version":"2019-01-23","purchased_purges":0,"victory":false,"max_hp_per_floor":[70,70,70,70,70,70,70,70,70,70,70,70,70,70,70,70,70,70,70,76,76,76,76,76,76,76,76],"card_choices":[{"not_picked":["Endless Agony","Calculated Gamble"],"picked":"Flechettes","floor":1},{"not_picked":["Terror","Quick Slash"],"picked":"Leg Sweep","floor":2},{"not_picked":["Flechettes","Sucker Punch"],"picked":"Dagger Spray","floor":3},{"not_picked":["A Thousand Cuts","Bullet Time"],"picked":"Acrobatics","floor":7},{"not_picked":["Outmaneuver","Deflect"],"picked":"Terror","floor":14},{"not_picked":["Grand Finale","A Thousand Cuts"],"picked":"Night Terror","floor":16},{"not_picked":["Acrobatics","Backstab+1"],"picked":"Catalyst+1","floor":18},{"not_picked":["Flying Knee+1","Riddle With Holes"],"picked":"Backstab","floor":21},{"not_picked":["Slice","Outmaneuver","Bane"],"picked":"SKIP","floor":23},{"not_picked":["Bane","Concentrate"],"picked":"Bouncing Flask","floor":25}],"player_experience":838843,"relics_obtained":[{"floor":7,"key":"Bronze Scales"},{"floor":9,"key":"Regal Pillow"},{"floor":11,"key":"Ginger"},{"floor":14,"key":"Vajra"},{"floor":19,"key":"Enchiridion"},{"floor":23,"key":"Turnip"},{"floor":25,"key":"Whetstone"},{"floor":26,"key":"Mercury Hourglass"}],"event_choices":[{"damage_healed":0,"gold_gain":0,"cards_transformed":["Strike_G"],"player_choice":"Change","damage_taken":0,"max_hp_gain":0,"max_hp_loss":0,"event_name":"Living Wall","floor":4,"gold_loss":0,"cards_obtained":["Deadly Poison"]},{"damage_healed":0,"gold_gain":0,"player_choice":"Left Gold","damage_taken":0,"max_hp_gain":0,"max_hp_loss":0,"event_name":"World of Goop","floor":8,"gold_loss":39},{"damage_healed":0,"gold_gain":0,"player_choice":"Obtained Book","damage_taken":16,"max_hp_gain":0,"max_hp_loss":0,"event_name":"Cursed Tome","floor":19,"gold_loss":0},{"damage_healed":0,"gold_gain":0,"player_choice":"Opened","damage_taken":0,"relics_obtained":["Darkstone Periapt"],"max_hp_gain":0,"max_hp_loss":0,"event_name":"The Mausoleum","floor":20,"gold_loss":0,"cards_obtained":["Writhe"]},{"damage_healed":0,"gold_gain":0,"player_choice":"Forge","damage_taken":0,"max_hp_gain":0,"max_hp_loss":0,"event_name":"Accursed Blacksmith","floor":22,"gold_loss":0,"cards_upgraded":["Night Terror"]}],"is_beta":false,"boss_relics":[{"not_picked":["Calling Bell","Lizard Tail"],"picked":"Runic Pyramid"}],"items_purged_floors":[],"is_endless":false,"potions_floor_spawned":[1,7,14,21,25],"killed_by":"Book of Stabbing","ascension_level":13}