{"gold_per_floor":[116,116,66,85,105,105,126,166,191,191,231,64,64,133,133,133],"floor_reached":16,"playtime":682,"items_purged":[],"score":182,"play_id":"57873cf2-2f00-479b-a929-3bf9ed38382f","local_time":"20190329000609","is_ascension_mode":true,"campfire_choices":[{"data":"Deadly Poison","floor":6,"key":"SMITH"},{"floor":13,"key":"REST"},{"data":"Poisoned Stab","floor":15,"key":"SMITH"}],"neow_cost":"NONE","seed_source_timestamp":478157394884800,"circlet_count":0,"master_deck":["AscendersBane","Defend_G","Defend_G","Defend_G","Defend_G","Defend_G","Strike_G","Strike_G","Strike_G","Strike_G","Strike_G","Survivor","Neutralize","Prepared","Distraction","Deadly Poison+1","Poisoned Stab","Bane","Distraction","Poisoned Stab+1","Caltrops","Distraction","PiercingWail"],"relics":["Ring of the Snake","Boot","Golden Idol","PreservedInsect","Oddly Smooth Stone","SsserpentHead","Bag of Preparation"],"potions_floor_usage":[8,16,16],"damage_taken":[{"damage":7,"enemies":"Small Slimes","floor":1,"turns":4},{"damage":0,"enemies":"Jaw Worm","floor":4,"turns":6},{"damage":0,"enemies":"Cultist","floor":5,"turns":5},{"damage":5,"enemies":"Large Slime","floor":7,"turns":6},{"damage":22,"enemies":"Lagavulin","floor":8,"turns":8},{"damage":17,"enemies":"3 Sentries","floor":11,"turns":7},{"damage":0,"enemies":"2 Fungi Beasts","floor":14,"turns":3},{"damage":35,"enemies":"Slime Boss","floor":16,"turns":6}],"seed_played":"1611725818308873899","potions_obtained":[{"floor":7,"key":"Weak Potion"},{"floor":8,"key":"Swift Potion"},{"floor":14,"key":"FearPotion"}],"is_trial":false,"path_per_floor":["M","?","?","M","M","R","M","E","T","?","E","$","R","M","R","B"],"character_chosen":"THE_SILENT","items_purchased":["Poisoned Stab","Caltrops","Distraction"],"campfire_rested":1,"item_purchase_floors":[12,12,12],"current_hp_per_floor":[56,56,56,56,56,56,51,29,29,29,12,12,33,33,33,0],"gold":133,"neow_bonus":"RANDOM_COMMON_RELIC","is_prod":false,"is_daily":false,"chose_seed":false,"campfire_upgraded":2,"win_rate":0,"timestamp":1553832369,"path_taken":["M","?","?","M","M","R","M","E","T","?","E","$","R","?","R","BOSS"],"build_version":"2019-01-23","purchased_purges":0,"victory":false,"max_hp_per_floor":[70,70,70,70,70,70,70,70,70,70,70,70,70,70,70,70],"card_choices":[{"not_picked":["Acrobatics","Crippling Poison"],"picked":"Prepared","floor":1},{"not_picked":["Prepared","Quick Slash"],"picked":"Distraction","floor":4},{"not_picked":["Sucker Punch","Dagger Throw"],"picked":"Deadly Poison","floor":5},{"not_picked":["Slice","Grand Finale"],"picked":"Poisoned Stab","floor":7},{"not_picked":["Setup","Flechettes"],"picked":"Bane","floor":8},{"not_picked":["Acrobatics","Phantasmal Killer"],"picked":"Distraction","floor":11},{"not_picked":["Setup","Finisher"],"picked":"PiercingWail","floor":14}],"player_experience":844432,"relics_obtained":[{"floor":8,"key":"PreservedInsect"},{"floor":9,"key":"Oddly Smooth Stone"},{"floor":11,"key":"Bag of Preparation"}],"event_choices":[{"damage_healed":0,"gold_gain":0,"player_choice":"Take Wound","damage_taken":0,"relics_obtained":["Golden Idol"],"max_hp_gain":0,"max_hp_loss":0,"event_name":"Golden Idol","floor":2,"gold_loss":0,"cards_obtained":["Injury"]},{"cards_removed":["Injury"],"damage_healed":0,"gold_gain":0,"player_choice":"Card Removal","damage_taken":0,"max_hp_gain":0,"max_hp_loss":0,"event_name":"The Cleric","floor":3,"gold_loss":50},{"damage_healed":0,"gold_gain":0,"player_choice":"Trade","damage_taken":0,"relics_obtained":["SsserpentHead"],"max_hp_gain":0,"max_hp_loss":0,"event_name":"FaceTrader","floor":10,"gold_loss":0}],"is_beta":false,"boss_relics":[],"items_purged_floors":[],"is_endless":false,"potions_floor_spawned":[7,8,14],"killed_by":"Slime Boss","ascension_level":13}