{"gold_per_floor":[111,121,137,27,0,35,35,67,67,242,256,256,256],"floor_reached":13,"playtime":563,"items_purged":[],"score":153,"play_id":"9a605fca-bd37-4601-a5f6-a2879be8fa54","local_time":"20190321194508","is_ascension_mode":true,"campfire_choices":[{"floor":7,"key":"REST"},{"floor":12,"key":"REST"}],"neow_cost":"NONE","seed_source_timestamp":299031257741200,"circlet_count":0,"master_deck":["AscendersBane","Defend_G","Defend_G","Defend_G","Defend_G","Defend_G","Strike_G","Strike_G","Strike_G","Strike_G","Strike_G","Survivor","Neutralize","Crippling Poison","Dodge and Roll","PiercingWail","Bouncing Flask","Footwork","Dagger Throw","Burst","Doubt","Distraction"],"relics":["Ring of the Snake","NeowsBlessing","StoneCalendar","Calipers","Peace Pipe"],"potions_floor_usage":[8],"damage_taken":[{"damage":0,"enemies":"2 Louse","floor":1,"turns":1},{"damage":0,"enemies":"Small Slimes","floor":2,"turns":1},{"damage":0,"enemies":"Jaw Worm","floor":3,"turns":1},{"damage":7,"enemies":"Looter","floor":5,"turns":4},{"damage":29,"enemies":"Lagavulin","floor":6,"turns":7},{"damage":21,"enemies":"Gremlin Nob","floor":8,"turns":4},{"damage":24,"enemies":"Lots of Slimes","floor":11,"turns":6},{"damage":0,"enemies":"3 Louse","floor":13,"turns":1}],"seed_played":"9194598430735894449","potions_obtained":[{"floor":1,"key":"PowerPotion"}],"is_trial":false,"path_per_floor":["M","M","M","$","M","E","R","E","T","?","M","R","M"],"character_chosen":"THE_SILENT","items_purchased":["Bouncing Flask","Footwork"],"campfire_rested":2,"item_purchase_floors":[4,4],"current_hp_per_floor":[63,63,63,63,56,27,48,27,27,27,3,24,24],"gold":256,"neow_bonus":"THREE_ENEMY_KILL","is_prod":false,"is_daily":false,"chose_seed":false,"campfire_upgraded":0,"win_rate":0,"timestamp":1553211908,"path_taken":["M","M","M","$","M","E","R","E","T","?","M","R","M"],"build_version":"2019-01-23","purchased_purges":0,"victory":false,"max_hp_per_floor":[70,70,70,70,70,70,70,70,70,70,70,70,70],"card_choices":[{"not_picked":["Predator","Dagger Spray"],"picked":"Crippling Poison","floor":1},{"not_picked":["Eviscerate","Dagger Throw"],"picked":"Dodge and Roll","floor":2},{"not_picked":["Dagger Throw","Quick Slash"],"picked":"PiercingWail","floor":3},{"not_picked":["Choke","Concentrate"],"picked":"Dagger Throw","floor":5},{"not_picked":["Masterful Stab","Choke"],"picked":"Burst","floor":6},{"not_picked":["Calculated Gamble","Concentrate","Prepared"],"picked":"SKIP","floor":8},{"not_picked":["Accuracy","Infinite Blades"],"picked":"Distraction","floor":11}],"player_experience":830875,"relics_obtained":[{"floor":6,"key":"StoneCalendar"},{"floor":8,"key":"Calipers"},{"floor":9,"key":"Peace Pipe"}],"event_choices":[{"damage_healed":0,"gold_gain":175,"player_choice":"AGREE","damage_taken":0,"max_hp_gain":0,"max_hp_loss":0,"event_name":"Liars Game","floor":10,"gold_loss":0,"cards_obtained":["Doubt"]}],"is_beta":false,"boss_relics":[],"items_purged_floors":[],"is_endless":false,"potions_floor_spawned":[1],"killed_by":"3 Louse","ascension_level":13}