{"gold_per_floor":[111,111,111,125,23,23,53,63,88,117,45,76,76,88,88,163,163,178,61,78,78,93,120,120],"floor_reached":24,"playtime":1447,"items_purged":[],"score":440,"play_id":"2ed761fd-f03e-49a7-87f9-e64490ca9e6f","local_time":"20190426195933","is_ascension_mode":true,"campfire_choices":[{"data":"Discovery","floor":6.0,"key":"SMITH"},{"floor":13.0,"key":"REST"},{"data":"Footwork","floor":15.0,"key":"SMITH"}],"neow_cost":"NONE","seed_source_timestamp":862523845483700,"circlet_count":0,"master_deck":["AscendersBane","Defend_G","Defend_G","Defend_G","Defend_G","Defend_G","Strike_G","Strike_G","Strike_G","Survivor","Neutralize","Dagger Spray","Blur","Discovery+1","Calculated Gamble","Sucker Punch","Well Laid Plans","PiercingWail+1","Backflip+1","Storm of Steel+1","Footwork+1","All Out Attack","Masterful Stab","Phantasmal Killer+1","Choke","Cloak And Dagger+1","Poisoned Stab","Bouncing Flask+1","Terror+1"],"special_seed":0,"relics":["Ring of the Snake","NeowsBlessing","Regal Pillow","Toxic Egg 2","Snake Skull","Bird Faced Urn","Dodecahedron","Empty Cage","Mango","Darkstone Periapt"],"potions_floor_usage":[],"damage_taken":[{"damage":0.0,"enemies":"Jaw Worm","floor":1.0,"turns":1.0},{"damage":0.0,"enemies":"Cultist","floor":4.0,"turns":1.0},{"damage":0.0,"enemies":"3 Sentries","floor":7.0,"turns":1.0},{"damage":4.0,"enemies":"Small Slimes","floor":8.0,"turns":2.0},{"damage":24.0,"enemies":"Lagavulin","floor":10.0,"turns":7.0},{"damage":15.0,"enemies":"3 Sentries","floor":12.0,"turns":8.0},{"damage":0.0,"enemies":"Exordium Wildlife","floor":14.0,"turns":3.0},{"damage":48.0,"enemies":"Slime Boss","floor":16.0,"turns":11.0},{"damage":0.0,"enemies":"Chosen","floor":18.0,"turns":6.0},{"damage":4.0,"enemies":"Shell Parasite","floor":20.0,"turns":8.0},{"damage":47.0,"enemies":"Snecko","floor":22.0,"turns":6.0},{"damage":38.0,"enemies":"Slavers","floor":23.0,"turns":11.0},{"damage":12,"enemies":"Snake Plant","floor":24,"turns":4}],"seed_played":"-204770884866059534","potions_obtained":[{"floor":7.0,"key":"EntropicBrew"},{"floor":10.0,"key":"LiquidBronze"},{"floor":20.0,"key":"Regen Potion"}],"is_trial":false,"path_per_floor":["M","?","?","M","$","R","E","M","T","E","$","E","R","M","R","B",null,"M","$","M","?","M","E","M"],"character_chosen":"THE_SILENT","items_purchased":["Sucker Punch","Well Laid Plans","Footwork","Choke","Cloak And Dagger+1"],"campfire_rested":1,"item_purchase_floors":[5,5,11,19,19],"current_hp_per_floor":[59,56,56,56,56,56,56,52,52,28,28,19,53,57,57,15,53,57,57,57,71,24,5,0],"gold":120,"neow_bonus":"THREE_ENEMY_KILL","is_prod":false,"is_daily":false,"chose_seed":false,"campfire_upgraded":2,"win_rate":0,"timestamp":1556323173,"path_taken":["M","?","?","?","$","R","E","M","T","E","?","E","R","M","R","BOSS","M","$","M","?","M","E","M"],"build_version":"2019-01-23","purchased_purges":0,"victory":false,"max_hp_per_floor":[66,66,66,66,66,66,66,66,66,66,66,66,66,66,66,66,66,66,66,66,80,80,80,80],"card_choices":[{"not_picked":["Outmaneuver","Sucker Punch"],"picked":"Dagger Spray","floor":1.0},{"not_picked":["Masterful Stab","Dagger Spray"],"picked":"Calculated Gamble","floor":4.0},{"not_picked":["Bouncing Flask","Acrobatics"],"picked":"PiercingWail","floor":7.0},{"not_picked":["Acrobatics+1","Accuracy"],"picked":"Backflip+1","floor":8.0},{"not_picked":["Concentrate+1","Bane"],"picked":"Storm of Steel+1","floor":10.0},{"not_picked":["Flying Knee","Dagger Spray"],"picked":"All Out Attack","floor":12.0},{"not_picked":["Die Die Die","Choke"],"picked":"Masterful Stab","floor":14.0},{"not_picked":["Die Die Die","Bullet Time+1"],"picked":"Phantasmal Killer+1","floor":16.0},{"not_picked":["Bane","Slice","Dagger Spray"],"picked":"SKIP","floor":18.0},{"not_picked":["Dodge and Roll+1","Cloak And Dagger+1"],"picked":"Poisoned Stab","floor":20.0},{"not_picked":["Cloak And Dagger+1","Flying Knee"],"picked":"Bouncing Flask+1","floor":22.0},{"not_picked":["Flying Knee","Escape Plan+1"],"picked":"Terror+1","floor":23.0}],"player_experience":922392,"relics_obtained":[{"floor":7.0,"key":"Toxic Egg 2"},{"floor":9.0,"key":"Snake Skull"},{"floor":10.0,"key":"Bird Faced Urn"},{"floor":12.0,"key":"Dodecahedron"},{"floor":23.0,"key":"Darkstone Periapt"}],"event_choices":[{"damage_healed":0.0,"max_hp_gain":0.0,"max_hp_loss":0.0,"gold_gain":0.0,"event_name":"Scrap Ooze","player_choice":"Success","floor":2.0,"gold_loss":0.0,"damage_taken":3.0,"relics_obtained":["Regal Pillow"]},{"damage_healed":0.0,"max_hp_gain":0.0,"max_hp_loss":0.0,"gold_gain":0.0,"event_name":"Match and Keep!","player_choice":"2 cards matched","floor":3.0,"gold_loss":0.0,"damage_taken":0.0,"cards_obtained":["Blur","Discovery"]},{"damage_healed":0.0,"max_hp_gain":0.0,"max_hp_loss":0.0,"gold_gain":0.0,"event_name":"The Mausoleum","player_choice":"Opened","floor":21.0,"gold_loss":0.0,"damage_taken":0.0,"relics_obtained":["Mango"]}],"is_beta":false,"boss_relics":[{"not_picked":["Ectoplasm","Velvet Choker"],"picked":"Empty Cage"}],"items_purged_floors":[],"is_endless":false,"potions_floor_spawned":[7,8,10,14,20],"killed_by":"Snake Plant","ascension_level":14}