{"gold_per_floor":[112,37,48,48,27,87,163,163,163,163,192,192,223,235,235,307,307,322,322,62,77,77,111,111,141,141,141,166,166,182,182,182,258,258,274,289,299,299,299,299,299,299],"floor_reached":42,"playtime":8811,"items_purged":["Pain"],"score":830,"play_id":"57d14a55-6f44-47a2-88c6-c81a4d31233c","local_time":"20190423231925","is_ascension_mode":true,"campfire_choices":[{"floor":8.0,"key":"REST"},{"floor":10.0,"key":"REST"},{"floor":15.0,"key":"REST"},{"floor":27.0,"key":"REST"},{"floor":29.0,"key":"REST"},{"floor":32.0,"key":"REST"},{"floor":41,"key":"DIG"}],"neow_cost":"CURSE","seed_source_timestamp":0,"circlet_count":0,"master_deck":["AscendersBane","Defend_G+1","Defend_G+1","Defend_G+1","Defend_G+1","Defend_G+1","Strike_G+1","Strike_G+1","Strike_G+1","Strike_G+1","Strike_G+1","Survivor","Neutralize","Dagger Throw","Underhanded Strike","All Out Attack","PiercingWail","Storm of Steel","PiercingWail","Malaise","Reflex","Apotheosis","Tactician","Acrobatics","Caltrops","Underhanded Strike","Prepared+1","Unload","Terror+1","Finesse"],"special_seed":0,"relics":["Ring of the Snake","WingedGreaves","Tiny Chest","StoneCalendar","Odd Mushroom","Tough Bandages","Runic Pyramid","Shovel","The Specimen","Strawberry","Gambling Chip","Mercury Hourglass","Fusion Hammer","Turnip"],"potions_floor_usage":[40,42],"damage_taken":[{"damage":3.0,"enemies":"Small Slimes","floor":1.0,"turns":4.0},{"damage":1.0,"enemies":"2 Louse","floor":3.0,"turns":4.0},{"damage":32.0,"enemies":"Gremlin Nob","floor":6.0,"turns":5.0},{"damage":5.0,"enemies":"The Mushroom Lair","floor":11.0,"turns":6.0},{"damage":19.0,"enemies":"3 Sentries","floor":13.0,"turns":7.0},{"damage":1.0,"enemies":"Jaw Worm","floor":14.0,"turns":3.0},{"damage":13.0,"enemies":"Slime Boss","floor":16.0,"turns":7.0},{"damage":18.0,"enemies":"Spheric Guardian","floor":18.0,"turns":5.0},{"damage":14.0,"enemies":"2 Thieves","floor":21.0,"turns":5.0},{"damage":11.0,"enemies":"Colosseum Slavers","floor":22.0,"turns":4.0},{"damage":5.0,"enemies":"Slavers","floor":23.0,"turns":7.0},{"damage":4.0,"enemies":"Book of Stabbing","floor":25.0,"turns":7.0},{"damage":31.0,"enemies":"Gremlin Leader","floor":28.0,"turns":7.0},{"damage":2.0,"enemies":"Snecko","floor":30.0,"turns":5.0},{"damage":3.0,"enemies":"Automaton","floor":33.0,"turns":10.0},{"damage":12,"enemies":"3 Darklings","floor":35,"turns":5},{"damage":0,"enemies":"3 Shapes","floor":36,"turns":2},{"damage":13,"enemies":"Sphere and 2 Shapes","floor":37,"turns":4},{"damage":0,"enemies":"Nemesis","floor":40,"turns":2},{"damage":46,"enemies":"Giant Head","floor":42,"turns":8}],"seed_played":"-4815200608068390831","potions_obtained":[{"floor":13.0,"key":"Swift Potion"},{"floor":16.0,"key":"AttackPotion"},{"floor":23.0,"key":"SmokeBomb"},{"floor":36,"key":"Swift Potion"}],"is_trial":false,"path_per_floor":["M","$","M","?","?","E","?","R","T","R","?","?","E","M","R","B",null,"M","?","$","M","?","E","?","E","T","R","E","R","M","?","R","B",null,"M","M","M","?","T","E","R","E"],"character_chosen":"THE_SILENT","items_purchased":["Apotheosis","Tactician"],"campfire_rested":6,"item_purchase_floors":[20,20],"current_hp_per_floor":[56,56,55,42,42,10,10,29,29,48,43,48,29,28,49,36,62,44,44,44,30,19,14,14,17,17,40,9,32,30,30,53,50,71,59,59,46,46,46,46,46,0],"gold":299,"neow_bonus":"ONE_RARE_RELIC","is_prod":false,"is_daily":false,"chose_seed":false,"campfire_upgraded":0,"win_rate":0,"timestamp":1556075965,"path_taken":["M","$","M","?","?","E","?","R","T","R","?","?","E","M","R","BOSS","M","?","$","M","?","E","?","E","T","R","E","R","M","?","R","BOSS","M","M","M","?","?","E","R","E"],"build_version":"2019-01-23","purchased_purges":1,"victory":false,"max_hp_per_floor":[66,66,66,66,66,66,66,66,66,66,66,71,71,71,71,71,71,71,71,71,71,71,71,71,78,78,78,78,78,78,78,78,78,78,78,78,78,78,78,78,78,78],"card_choices":[{"not_picked":["Choke","Escape Plan"],"picked":"Dagger Throw","floor":1.0},{"not_picked":["Acrobatics","Blade Dance"],"picked":"Underhanded Strike","floor":3.0},{"not_picked":["Cloak And Dagger","Bane"],"picked":"All Out Attack","floor":6.0},{"not_picked":["Dagger Spray","Sucker Punch"],"picked":"PiercingWail","floor":11.0},{"not_picked":["Sucker Punch","Masterful Stab"],"picked":"Storm of Steel","floor":13.0},{"not_picked":["Deadly Poison","Crippling Poison"],"picked":"PiercingWail","floor":14.0},{"not_picked":["Tools of the Trade","Glass Knife"],"picked":"Malaise","floor":16.0},{"not_picked":["Bane","Prepared"],"picked":"Reflex","floor":18.0},{"not_picked":["Deadly Poison","Predator"],"picked":"Acrobatics","floor":21.0},{"not_picked":["Die Die Die","Dagger Spray"],"picked":"Caltrops","floor":23.0},{"not_picked":["All Out Attack","Corpse Explosion"],"picked":"Underhanded Strike","floor":25.0},{"not_picked":["Quick Slash","Cloak And Dagger"],"picked":"Prepared+1","floor":28.0},{"not_picked":["Deadly Poison","Slice","Predator"],"picked":"SKIP","floor":30.0},{"not_picked":["Glass Knife","Envenom"],"picked":"Unload","floor":33.0},{"not_picked":["Acrobatics","Slice","Deflect"],"picked":"SKIP","floor":35},{"not_picked":["Acrobatics","PiercingWail","Slice+1"],"picked":"SKIP","floor":36},{"not_picked":["All Out Attack","Quick Slash"],"picked":"Terror+1","floor":37},{"not_picked":["Swift Strike","Enlightenment"],"picked":"Finesse","floor":38}],"player_experience":899773,"relics_obtained":[{"floor":6.0,"key":"Tiny Chest"},{"floor":9.0,"key":"StoneCalendar"},{"floor":11.0,"key":"Odd Mushroom"},{"floor":13.0,"key":"Tough Bandages"},{"floor":23.0,"key":"Shovel"},{"floor":25.0,"key":"Strawberry"},{"floor":26.0,"key":"Gambling Chip"},{"floor":28.0,"key":"Mercury Hourglass"},{"floor":41,"key":"Turnip"}],"event_choices":[{"damage_healed":0.0,"max_hp_gain":0.0,"max_hp_loss":0.0,"gold_gain":0.0,"event_name":"Shining Light","player_choice":"Entered Light","floor":4.0,"gold_loss":0.0,"damage_taken":13.0,"cards_upgraded":["Strike_G","Defend_G"]},{"damage_healed":0.0,"max_hp_gain":0.0,"max_hp_loss":0.0,"gold_gain":0.0,"event_name":"World of Goop","player_choice":"Left Gold","floor":5.0,"gold_loss":21.0,"damage_taken":0.0},{"damage_healed":0.0,"max_hp_gain":0.0,"max_hp_loss":0.0,"gold_gain":76.0,"event_name":"Golden Wing","player_choice":"Gained Gold","floor":7.0,"gold_loss":0.0,"damage_taken":0.0},{"damage_healed":0.0,"max_hp_gain":0.0,"max_hp_loss":0.0,"gold_gain":0.0,"event_name":"Mushrooms","player_choice":"Fought Mushrooms","floor":11.0,"gold_loss":0.0,"damage_taken":0.0},{"damage_healed":0.0,"max_hp_gain":5.0,"max_hp_loss":0.0,"gold_gain":0.0,"event_name":"Big Fish","player_choice":"Donut","floor":12.0,"gold_loss":0.0,"damage_taken":0.0},{"damage_healed":0.0,"max_hp_gain":0.0,"max_hp_loss":0.0,"gold_gain":0.0,"event_name":"Back to Basics","player_choice":"Simplicity","floor":19.0,"gold_loss":0.0,"damage_taken":0.0,"cards_upgraded":["Defend_G","Defend_G","Defend_G","Defend_G","Strike_G","Strike_G","Strike_G","Strike_G"]},{"damage_healed":0.0,"max_hp_gain":0.0,"max_hp_loss":0.0,"gold_gain":0.0,"event_name":"Colosseum","player_choice":"Fight","floor":22.0,"gold_loss":0.0,"damage_taken":0.0},{"damage_healed":0.0,"max_hp_gain":0.0,"max_hp_loss":0.0,"gold_gain":0.0,"event_name":"Colosseum","player_choice":"Fled From Nobs","floor":22.0,"gold_loss":0.0,"damage_taken":0.0},{"damage_healed":0.0,"max_hp_gain":0.0,"max_hp_loss":0.0,"gold_gain":0.0,"event_name":"The Mausoleum","player_choice":"Opened","floor":24.0,"gold_loss":0.0,"damage_taken":0.0,"relics_obtained":["The Specimen"]},{"damage_healed":0.0,"max_hp_gain":0.0,"max_hp_loss":0.0,"gold_gain":0.0,"event_name":"Ghosts","player_choice":"Ignored","floor":31.0,"gold_loss":0.0,"damage_taken":0.0},{"damage_healed":0,"gold_gain":0,"player_choice":"Memory 1","damage_taken":0,"max_hp_gain":0,"max_hp_loss":0,"event_name":"SensoryStone","floor":38,"gold_loss":0}],"is_beta":false,"boss_relics":[{"not_picked":["Runic Dome","Tiny House"],"picked":"Runic Pyramid"},{"not_picked":["Busted Crown","Sozu"],"picked":"Fusion Hammer"}],"items_purged_floors":[2],"is_endless":false,"potions_floor_spawned":[13,16,22,23,36],"killed_by":"Giant Head","ascension_level":14}