{"gold_per_floor":[112,125,139,150,150,150,185,204,251,251,285,285,301,232,232,232],"floor_reached":16,"playtime":550,"items_purged":[],"score":196,"play_id":"f91f6530-6236-4344-a11b-c24585d03457","local_time":"20190511212059","is_ascension_mode":true,"campfire_choices":[{"data":"Bouncing Flask","floor":6,"key":"SMITH"},{"data":"Neutralize","floor":10,"key":"SMITH"},{"floor":12,"key":"REST"},{"data":"Crippling Poison","floor":15,"key":"SMITH"}],"neow_cost":"NONE","seed_source_timestamp":860544420293500,"circlet_count":0,"master_deck":["AscendersBane","Defend_G","Defend_G","Defend_G","Defend_G","Defend_G","Strike_G","Strike_G","Strike_G","Strike_G","Strike_G","Survivor","Neutralize+1","Calculated Gamble","Poisoned Stab","Poisoned Stab","Bouncing Flask+1","Blur","Venomology","Crippling Poison+1"],"relics":["Ring of the Snake","Snake Skull","Paper Crane","Juzu Bracelet","Ninja Scroll"],"potions_floor_usage":[11,11,16],"damage_taken":[{"damage":0,"enemies":"Cultist","floor":1,"turns":4},{"damage":1,"enemies":"Small Slimes","floor":2,"turns":5},{"damage":8,"enemies":"Jaw Worm","floor":3,"turns":5},{"damage":4,"enemies":"Blue Slaver","floor":4,"turns":4},{"damage":26,"enemies":"Gremlin Nob","floor":7,"turns":4},{"damage":3,"enemies":"Looter","floor":8,"turns":2},{"damage":12,"enemies":"Lagavulin","floor":11,"turns":4},{"damage":0,"enemies":"Large Slime","floor":13,"turns":3},{"damage":49,"enemies":"Slime Boss","floor":16,"turns":18}],"seed_played":"6669567754268646396","potions_obtained":[{"floor":3,"key":"FearPotion"},{"floor":4,"key":"PowerPotion"},{"floor":8,"key":"Block Potion"}],"is_trial":false,"path_per_floor":["M","M","M","M","?","R","E","M","T","R","E","R","M","?","R","B"],"character_chosen":"THE_SILENT","items_purchased":[],"campfire_rested":1,"item_purchase_floors":[],"current_hp_per_floor":[59,58,50,46,66,66,40,37,37,37,25,44,44,44,44,0],"gold":232,"neow_bonus":"RANDOM_COMMON_RELIC","is_prod":false,"is_daily":false,"chose_seed":false,"campfire_upgraded":3,"win_rate":0,"timestamp":1557624059,"path_taken":["M","M","?","M","?","R","E","M","T","R","E","R","M","?","R","BOSS"],"build_version":"2019-01-23","purchased_purges":0,"victory":false,"max_hp_per_floor":[66,66,66,66,66,66,66,66,66,66,66,66,66,66,66,66],"card_choices":[{"not_picked":["Outmaneuver","Endless Agony"],"picked":"Calculated Gamble","floor":1},{"not_picked":["Skewer","Sucker Punch"],"picked":"Poisoned Stab","floor":2},{"not_picked":["Well Laid Plans","Acrobatics"],"picked":"Poisoned Stab","floor":3},{"not_picked":["Riddle With Holes","Concentrate"],"picked":"Bouncing Flask","floor":4},{"not_picked":["Flying Knee","Blade Dance"],"picked":"Blur","floor":7},{"not_picked":["Prepared","Flechettes"],"picked":"Venomology","floor":8},{"not_picked":["Caltrops","Bane"],"picked":"Crippling Poison","floor":11},{"not_picked":["Underhanded Strike","Calculated Gamble","All Out Attack"],"picked":"SKIP","floor":13}],"player_experience":963847,"relics_obtained":[{"floor":7,"key":"Paper Crane"},{"floor":9,"key":"Juzu Bracelet"},{"floor":11,"key":"Ninja Scroll"}],"event_choices":[{"damage_healed":22,"gold_gain":0,"player_choice":"Banana","damage_taken":0,"max_hp_gain":0,"max_hp_loss":0,"event_name":"Big Fish","floor":5,"gold_loss":0},{"damage_healed":0,"gold_gain":0,"player_choice":"Left Gold","damage_taken":0,"max_hp_gain":0,"max_hp_loss":0,"event_name":"World of Goop","floor":14,"gold_loss":69}],"is_beta":false,"boss_relics":[],"items_purged_floors":[],"is_endless":false,"potions_floor_spawned":[3,4,8],"killed_by":"Slime Boss","ascension_level":15}