{"gold_per_floor":[118,135,155,155,178,178,192,230,230,230],"floor_reached":10,"playtime":425,"items_purged":[],"score":119,"play_id":"8c305878-8eeb-43c9-835b-41afe1c9dbff","local_time":"20190506180117","is_ascension_mode":true,"campfire_choices":[{"data":"Skewer","floor":6,"key":"SMITH"}],"neow_cost":"NONE","seed_source_timestamp":416676582555600,"circlet_count":0,"master_deck":["AscendersBane","Defend_G","Defend_G","Defend_G","Defend_G","Defend_G","Strike_G","Strike_G","Strike_G","Strike_G","Strike_G","Survivor","Neutralize","Deadly Poison","Burst","Skewer+1","Injury","Leg Sweep","Catalyst","Footwork"],"relics":["White Beast Statue","Golden Idol","Ancient Tea Set","Blue Candle"],"potions_floor_usage":[3,5,7,7,8],"damage_taken":[{"damage":6,"enemies":"Jaw Worm","floor":1,"turns":8},{"damage":0,"enemies":"2 Louse","floor":2,"turns":3},{"damage":2,"enemies":"Cultist","floor":3,"turns":5},{"damage":2,"enemies":"2 Fungi Beasts","floor":5,"turns":4},{"damage":0,"enemies":"3 Louse","floor":7,"turns":4},{"damage":45,"enemies":"Lagavulin","floor":8,"turns":10},{"damage":30,"enemies":"Gremlin Nob","floor":10,"turns":3}],"seed_played":"7275766752749411492","potions_obtained":[{"floor":1,"key":"Regen Potion"},{"floor":2,"key":"Explosive Potion"},{"floor":3,"key":"SteroidPotion"},{"floor":5,"key":"Swift Potion"},{"floor":7,"key":"GamblersBrew"},{"floor":8,"key":"Energy Potion"}],"is_trial":false,"path_per_floor":["M","M","M","?","M","R","M","E","T","E"],"character_chosen":"THE_SILENT","items_purchased":[],"campfire_rested":0,"item_purchase_floors":[],"current_hp_per_floor":[53,53,63,63,61,61,61,16,16,0],"gold":230,"neow_bonus":"BOSS_RELIC","is_prod":false,"is_daily":false,"chose_seed":false,"campfire_upgraded":1,"win_rate":0,"timestamp":1557180077,"path_taken":["M","M","M","?","M","R","M","E","T","E"],"build_version":"2019-01-23","purchased_purges":0,"victory":false,"max_hp_per_floor":[66,66,66,66,66,66,66,66,66,66],"card_choices":[{"not_picked":["Dodge and Roll","Choke"],"picked":"Deadly Poison","floor":1},{"not_picked":["PiercingWail","Poisoned Stab"],"picked":"Burst","floor":2},{"not_picked":["Quick Slash","PiercingWail"],"picked":"Skewer","floor":3},{"not_picked":["Outmaneuver","Sucker Punch"],"picked":"Leg Sweep","floor":5},{"not_picked":["Underhanded Strike","Terror"],"picked":"Catalyst","floor":7},{"not_picked":["Dagger Spray","Heel Hook"],"picked":"Footwork","floor":8}],"player_experience":953988,"relics_obtained":[{"floor":8,"key":"Ancient Tea Set"},{"floor":9,"key":"Blue Candle"}],"event_choices":[{"damage_healed":0,"gold_gain":0,"player_choice":"Take Wound","damage_taken":0,"relics_obtained":["Golden Idol"],"max_hp_gain":0,"max_hp_loss":0,"event_name":"Golden Idol","floor":4,"gold_loss":0,"cards_obtained":["Injury"]}],"is_beta":false,"boss_relics":[],"items_purged_floors":[],"is_endless":false,"potions_floor_spawned":[1,2,3,5,7,8],"killed_by":"Gremlin Nob","ascension_level":14}