{"gold_per_floor":[113,113,133,133,208,238,238,238,238,248,263,274,294,308,308,382,382,392,50,68,68,68,95,95,124,180,206,221,233,261,4,4,82,82,101,111,193,49,49,77,77,77,77,111,111,131,141,173,173,173,173,173,56,56],"floor_reached":54,"playtime":2963,"items_purged":["Pain"],"score":1504,"play_id":"c2f94199-095e-43a2-b4be-cb750b62ab84","local_time":"20190507234011","is_ascension_mode":true,"campfire_choices":[{"data":"Dagger Spray","floor":7,"key":"SMITH"},{"data":"Eviscerate","floor":15,"key":"SMITH"},{"floor":24,"key":"REST"},{"floor":32,"key":"REST"},{"floor":41,"key":"RECALL"},{"floor":49,"key":"REST"},{"floor":52,"key":"REST"}],"neow_cost":"NONE","seed_source_timestamp":520872268457000,"circlet_count":0,"master_deck":["AscendersBane","Defend_G","Defend_G","Defend_G","Defend_G","Defend_G","Strike_G","Strike_G","Survivor","Neutralize","Dagger Spray+1","Dagger Throw","Eviscerate+1","Cloak And Dagger","PiercingWail","Dash","Blur","Tools of the Trade","Escape Plan","After Image","Calculated Gamble","Well Laid Plans","Slice+1","Skewer","Grand Finale","Outmaneuver+1","Blade Dance","Reflex","Terror","Sucker Punch+1","Phantasmal Killer","Flash of Steel","Underhanded Strike","Tactician+1","Malaise+1","Prepared+1"],"relics":["Ring of the Snake","NeowsBlessing","FossilizedHelix","WarpedTongs","Fusion Hammer","Bronze Scales","Enchiridion","Ice Cream","Ancient Tea Set","Tiny Chest","Gremlin Horn","Sundial","Pantograph","Black Star","Bottled Tornado","PreservedInsect","Dream Catcher","Singing Bowl","Toxic Egg 2","Orichalcum","Bag of Marbles","Omamori","Lantern","Happy Flower"],"potions_floor_usage":[16,18,27,30,30,33,46,47,48,48],"damage_taken":[{"damage":0,"enemies":"2 Louse","floor":1,"turns":1},{"damage":0,"enemies":"Cultist","floor":3,"turns":1},{"damage":0,"enemies":"Gremlin Nob","floor":6,"turns":1},{"damage":0,"enemies":"Small Slimes","floor":10,"turns":2},{"damage":0,"enemies":"Looter","floor":11,"turns":3},{"damage":13,"enemies":"Exordium Thugs","floor":12,"turns":5},{"damage":2,"enemies":"Lots of Slimes","floor":13,"turns":3},{"damage":0,"enemies":"Looter","floor":14,"turns":4},{"damage":14,"enemies":"Hexaghost","floor":16,"turns":16},{"damage":12,"enemies":"3 Byrds","floor":18,"turns":5},{"damage":2,"enemies":"Spheric Guardian","floor":20,"turns":4},{"damage":0,"enemies":"Book of Stabbing","floor":23,"turns":6},{"damage":10,"enemies":"Gremlin Leader","floor":25,"turns":6},{"damage":10,"enemies":"Book of Stabbing","floor":27,"turns":7},{"damage":0,"enemies":"Centurion and Healer","floor":28,"turns":5},{"damage":0,"enemies":"Cultist and Chosen","floor":29,"turns":4},{"damage":1,"enemies":"Slavers","floor":30,"turns":5},{"damage":7,"enemies":"Champ","floor":33,"turns":13},{"damage":0,"enemies":"Orb Walker","floor":35,"turns":3},{"damage":13,"enemies":"3 Darklings","floor":36,"turns":6},{"damage":0,"enemies":"Giant Head","floor":40,"turns":6},{"damage":5,"enemies":"Reptomancer","floor":44,"turns":5},{"damage":26,"enemies":"Transient","floor":46,"turns":5},{"damage":12,"enemies":"4 Shapes","floor":47,"turns":4},{"damage":7,"enemies":"Nemesis","floor":48,"turns":5},{"damage":58,"enemies":"Awakened One","floor":50,"turns":16},{"damage":81,"enemies":"Shield and Spear","floor":54,"turns":6}],"seed_played":"3229449952524615554","potions_obtained":[{"floor":1,"key":"SpeedPotion"},{"floor":12,"key":"Explosive Potion"},{"floor":13,"key":"AttackPotion"},{"floor":18,"key":"SkillPotion"},{"floor":27,"key":"Swift Potion"},{"floor":28,"key":"Block Potion"},{"floor":30,"key":"Block Potion"},{"floor":35,"key":"SkillPotion"},{"floor":44,"key":"AttackPotion"},{"floor":46,"key":"EssenceOfSteel"},{"floor":48,"key":"Fruit Juice"}],"is_trial":false,"path_per_floor":["M","?","M","?","?","E","R","?","T","M","M","M","M","M","R","B",null,"M","$","M","?","?","E","R","E","T","E","M","M","E","$","R","B",null,"M","M","T","$","?","E","R","$","T","E","T","M","M","E","R","B",null,"R","$","E"],"character_chosen":"THE_SILENT","items_purchased":["Bronze Scales","Calculated Gamble","Well Laid Plans","Pantograph","PreservedInsect","Malaise+1","Prepared+1"],"campfire_rested":4,"item_purchase_floors":[19,19,19,31,38,53,53],"current_hp_per_floor":[59,66,66,66,55,55,55,55,55,55,55,42,40,40,40,26,56,44,44,42,26,26,26,45,35,35,25,25,25,24,24,43,59,64,64,51,51,51,51,53,53,53,53,50,50,26,14,14,39,6,62,81,81,0],"gold":56,"neow_bonus":"THREE_ENEMY_KILL","is_prod":false,"is_daily":false,"chose_seed":false,"campfire_upgraded":2,"win_rate":0,"timestamp":1557286811,"path_taken":["M","?","?","?","?","E","R","?","T","?","?","M","M","M","R","BOSS","M","$","M","?","?","E","R","E","T","E","M","M","E","?","R","BOSS","M","M","?","$","?","E","R","?","T","E","?","?","M","E","R","BOSS","R","$","E"],"build_version":"2019-01-23","purchased_purges":1,"victory":false,"max_hp_per_floor":[66,66,66,66,66,66,66,66,66,66,66,66,66,66,66,66,66,66,66,66,66,66,66,66,66,66,66,66,66,66,66,66,66,66,66,66,66,66,66,68,68,68,68,70,70,72,72,79,81,81,81,81,81,81],"card_choices":[{"not_picked":["Riddle With Holes","Prepared"],"picked":"Dagger Spray","floor":1},{"not_picked":["Dodge and Roll","Slice"],"picked":"Dagger Throw","floor":3},{"not_picked":["Endless Agony","Catalyst"],"picked":"Cloak And Dagger","floor":6},{"not_picked":["Flying Knee","Dodge and Roll"],"picked":"PiercingWail","floor":10},{"not_picked":["Outmaneuver","Sucker Punch"],"picked":"Dash","floor":11},{"not_picked":["Cloak And Dagger","Dagger Throw"],"picked":"Blur","floor":12},{"not_picked":["Skewer","Underhanded Strike"],"picked":"Tools of the Trade","floor":13},{"not_picked":["Flechettes","Outmaneuver"],"picked":"Escape Plan","floor":14},{"not_picked":["Wraith Form v2","Night Terror"],"picked":"After Image","floor":16},{"not_picked":["Deflect","Crippling Poison","Noxious Fumes"],"picked":"SKIP","floor":18},{"not_picked":["Flechettes","All Out Attack"],"picked":"Slice+1","floor":20},{"not_picked":["Calculated Gamble","Dagger Spray","Outmaneuver"],"picked":"SKIP","floor":23},{"not_picked":["Bane","Predator"],"picked":"Outmaneuver+1","floor":25},{"not_picked":["Outmaneuver","Deadly Poison"],"picked":"Blade Dance","floor":27},{"not_picked":["Dagger Throw","Slice"],"picked":"Reflex","floor":28},{"not_picked":["Acrobatics","Dash"],"picked":"Terror","floor":29},{"not_picked":["Dodge and Roll","Blade Dance"],"picked":"Sucker Punch+1","floor":30},{"not_picked":["Glass Knife","Night Terror"],"picked":"Phantasmal Killer","floor":33},{"not_picked":["Deflect+1","Sucker Punch","Slice"],"picked":"SKIP","floor":35},{"not_picked":["Catalyst","Dagger Throw","Dagger Spray"],"picked":"SKIP","floor":36},{"not_picked":["HandOfGreed","Mind Blast"],"picked":"Flash of Steel","floor":39},{"not_picked":["Setup","Dagger Spray","Predator"],"picked":"Singing Bowl","floor":40},{"not_picked":["Night Terror+1","Choke","Blade Dance+1"],"picked":"Singing Bowl","floor":44},{"not_picked":["Deadly Poison+1","Poisoned Stab","Dodge and Roll+1"],"picked":"Singing Bowl","floor":46},{"not_picked":["Deadly Poison+1","Dash"],"picked":"Underhanded Strike","floor":47},{"not_picked":["Backflip+1","Heel Hook","Sucker Punch"],"picked":"Singing Bowl","floor":48},{"not_picked":["Flying Knee","Riddle With Holes","Reflex+1"],"picked":"Singing Bowl","floor":49},{"not_picked":["Dagger Throw","Finisher"],"picked":"Tactician+1","floor":52}],"player_experience":956316,"relics_obtained":[{"floor":6,"key":"FossilizedHelix"},{"floor":21,"key":"Enchiridion"},{"floor":23,"key":"Ice Cream"},{"floor":25,"key":"Ancient Tea Set"},{"floor":26,"key":"Tiny Chest"},{"floor":27,"key":"Gremlin Horn"},{"floor":30,"key":"Sundial"},{"floor":37,"key":"Bottled Tornado"},{"floor":40,"key":"Dream Catcher"},{"floor":40,"key":"Singing Bowl"},{"floor":43,"key":"Toxic Egg 2"},{"floor":44,"key":"Orichalcum"},{"floor":44,"key":"Bag of Marbles"},{"floor":45,"key":"Omamori"},{"floor":48,"key":"Lantern"},{"floor":48,"key":"Happy Flower"}],"event_choices":[{"damage_healed":7,"gold_gain":0,"player_choice":"Full Heal","damage_taken":0,"max_hp_gain":0,"max_hp_loss":0,"event_name":"Wheel of Change","floor":2,"gold_loss":0},{"damage_healed":0,"gold_gain":0,"cards_transformed":["Strike_G"],"player_choice":"Change","damage_taken":0,"max_hp_gain":0,"max_hp_loss":0,"event_name":"Living Wall","floor":4,"gold_loss":0,"cards_obtained":["Eviscerate"]},{"damage_healed":0,"gold_gain":75,"player_choice":"Gather Gold","damage_taken":11,"max_hp_gain":0,"max_hp_loss":0,"event_name":"World of Goop","floor":5,"gold_loss":0},{"damage_healed":0,"gold_gain":0,"player_choice":"Rummage","damage_taken":0,"relics_obtained":["WarpedTongs"],"max_hp_gain":0,"max_hp_loss":0,"event_name":"Accursed Blacksmith","floor":8,"gold_loss":0,"cards_obtained":["Pain"]},{"damage_healed":0,"gold_gain":0,"player_choice":"Obtained Book","damage_taken":16,"max_hp_gain":0,"max_hp_loss":0,"event_name":"Cursed Tome","floor":21,"gold_loss":0},{"damage_healed":0,"gold_gain":0,"cards_transformed":["Strike_G","Strike_G"],"player_choice":"Became Test Subject","damage_taken":0,"max_hp_gain":0,"max_hp_loss":0,"event_name":"Drug Dealer","floor":22,"gold_loss":0,"cards_obtained":["Skewer","Grand Finale"]},{"damage_healed":0,"gold_gain":0,"player_choice":"Memory 1","damage_taken":0,"max_hp_gain":0,"max_hp_loss":0,"event_name":"SensoryStone","floor":39,"gold_loss":0}],"is_beta":false,"boss_relics":[{"not_picked":["Philosopher\u0027s Stone","Tiny House"],"picked":"Fusion Hammer"},{"not_picked":["Cursed Key","Sozu"],"picked":"Black Star"}],"items_purged_floors":[19],"is_endless":false,"potions_floor_spawned":[1,12,13,14,18,27,28,30,35,44,46,48],"killed_by":"Shield and Spear","ascension_level":14}