{"gold_per_floor":[132,132,132,166,92,143,143,178,178,132,132,97,136,161,161,239,239,279,298,298,75,174,174,209,219,219,219,11,11,11],"floor_reached":30,"playtime":2708,"items_purged":[],"score":401,"play_id":"501456bd-820b-4030-8431-756f096252ab","local_time":"20190521224729","is_ascension_mode":true,"campfire_choices":[{"floor":7,"key":"REST"},{"data":"Skewer","floor":11,"key":"SMITH"},{"data":"Footwork","floor":15,"key":"SMITH"},{"data":"Bandage Up","floor":23,"key":"SMITH"},{"floor":27,"key":"REST"}],"neow_cost":"CURSE","seed_source_timestamp":120033953880900,"circlet_count":0,"master_deck":["AscendersBane","Defend_G","Defend_G","Defend_G","Defend_G","Defend_G","Strike_G","Strike_G","Strike_G","Strike_G","Survivor","Neutralize","Bandage Up+1","HandOfGreed","Terror","Quick Slash","Skewer+1","Dagger Throw","Footwork+1","Underhanded Strike","Noxious Fumes","Tools of the Trade","Eviscerate","Infinite Blades","Noxious Fumes","Acrobatics","Underhanded Strike","Backflip","Well Laid Plans","Footwork+1"],"relics":["Ring of the Snake","Tough Bandages","Ninja Scroll","Matryoshka","Lizard Tail","Juzu Bracelet","Bronze Scales","DollysMirror"],"potions_floor_usage":[14,16,25,30],"damage_taken":[{"damage":3,"enemies":"2 Louse","floor":1,"turns":3},{"damage":2,"enemies":"Jaw Worm","floor":4,"turns":4},{"damage":42,"enemies":"3 Sentries","floor":6,"turns":12},{"damage":1,"enemies":"Cultist","floor":8,"turns":3},{"damage":0,"enemies":"Blue Slaver","floor":13,"turns":2},{"damage":11,"enemies":"Lagavulin","floor":14,"turns":5},{"damage":3,"enemies":"The Guardian","floor":16,"turns":9},{"damage":11,"enemies":"3 Byrds","floor":18,"turns":9},{"damage":22,"enemies":"Shell Parasite","floor":19,"turns":5},{"damage":29,"enemies":"Centurion and Healer","floor":24,"turns":7},{"damage":44,"enemies":"Sentry and Sphere","floor":25,"turns":9},{"damage":41,"enemies":"Book of Stabbing","floor":30,"turns":5}],"seed_played":"-7008411743066845702","potions_obtained":[{"floor":6,"key":"Ancient Potion"},{"floor":13,"key":"PowerPotion"},{"floor":14,"key":"GhostInAJar"},{"floor":16,"key":"Strength Potion"}],"is_trial":false,"path_per_floor":["M","?","?","M","$","E","R","M","T","?","R","?","M","E","R","B",null,"M","M","?","$","?","R","M","M","T","R","$","?","E"],"character_chosen":"THE_SILENT","items_purchased":["Skewer","Acrobatics","Juzu Bracelet","Underhanded Strike","DollysMirror"],"campfire_rested":2,"item_purchase_floors":[5,21,21,21,28],"current_hp_per_floor":[60,53,53,55,55,17,36,39,39,39,39,55,55,48,48,49,62,55,37,37,37,37,37,14,11,11,30,30,30,0],"gold":11,"neow_bonus":"RANDOM_COLORLESS_2","is_prod":false,"is_daily":false,"chose_seed":false,"campfire_upgraded":3,"win_rate":0,"timestamp":1558493249,"path_taken":["M","?","?","M","$","E","R","?","T","?","R","?","M","E","R","BOSS","M","M","?","?","?","R","M","M","T","R","$","?","E"],"build_version":"2019-01-23","purchased_purges":0,"victory":false,"max_hp_per_floor":[66,66,66,66,66,66,66,66,66,66,66,66,66,66,66,66,66,66,66,66,66,66,66,66,66,66,66,66,66,66],"card_choices":[{"not_picked":["Bane","Acrobatics"],"picked":"Terror","floor":1},{"not_picked":["Prepared","Concentrate"],"picked":"Quick Slash","floor":4},{"not_picked":["Endless Agony","Noxious Fumes"],"picked":"Dagger Throw","floor":6},{"not_picked":["All Out Attack","Deadly Poison"],"picked":"Footwork","floor":8},{"not_picked":["Terror","Finisher"],"picked":"Underhanded Strike","floor":13},{"not_picked":["Masterful Stab","Wraith Form v2"],"picked":"Noxious Fumes","floor":14},{"not_picked":["Envenom","Grand Finale"],"picked":"Tools of the Trade","floor":16},{"not_picked":["Prepared","Slice"],"picked":"Eviscerate","floor":18},{"not_picked":["Poisoned Stab","Outmaneuver"],"picked":"Infinite Blades","floor":19},{"not_picked":["Predator","Dash+1"],"picked":"Backflip","floor":24},{"not_picked":["Adrenaline","Eviscerate"],"picked":"Well Laid Plans","floor":25}],"player_experience":976328,"relics_obtained":[{"floor":6,"key":"Tough Bandages"},{"floor":9,"key":"Ninja Scroll"},{"floor":14,"key":"Matryoshka"},{"floor":26,"key":"Bronze Scales"}],"event_choices":[{"cards_removed":["Normality"],"damage_healed":0,"gold_gain":0,"player_choice":"Card Removal","damage_taken":7,"max_hp_gain":0,"max_hp_loss":0,"event_name":"Golden Wing","floor":2,"gold_loss":0},{"cards_removed":["Strike_G"],"damage_healed":0,"gold_gain":0,"player_choice":"Purged","damage_taken":0,"max_hp_gain":0,"max_hp_loss":0,"event_name":"Purifier","floor":3,"gold_loss":0},{"damage_healed":0,"gold_gain":0,"player_choice":"Left Gold","damage_taken":0,"max_hp_gain":0,"max_hp_loss":0,"event_name":"World of Goop","floor":10,"gold_loss":46},{"damage_healed":16,"gold_gain":0,"player_choice":"Healed","damage_taken":0,"max_hp_gain":0,"max_hp_loss":0,"event_name":"The Cleric","floor":12,"gold_loss":35},{"damage_healed":0,"gold_gain":0,"player_choice":"1 cards matched","damage_taken":0,"max_hp_gain":0,"max_hp_loss":0,"event_name":"Match and Keep!","floor":20,"gold_loss":0,"cards_obtained":["Noxious Fumes"]},{"damage_healed":0,"gold_gain":99,"player_choice":"Stole From Cult","damage_taken":0,"max_hp_gain":0,"max_hp_loss":0,"event_name":"Nest","floor":22,"gold_loss":0},{"damage_healed":0,"gold_gain":0,"player_choice":"Ignored","damage_taken":0,"max_hp_gain":0,"max_hp_loss":0,"event_name":"Ghosts","floor":29,"gold_loss":0}],"is_beta":false,"boss_relics":[{"not_picked":["Busted Crown","HoveringKite"],"picked":"Lizard Tail"}],"items_purged_floors":[],"is_endless":false,"potions_floor_spawned":[6,13,14,16,18],"killed_by":"Book of Stabbing","ascension_level":14}