{"gold_per_floor":[114,128,78,78,89,89,115,115,138,4,31,31,46,60,60,60],"floor_reached":16,"playtime":3369,"items_purged":[],"score":187,"play_id":"bf43e61d-c74b-47c1-9441-b95392d2f389","local_time":"20190521220209","is_ascension_mode":true,"campfire_choices":[{"data":"Dagger Spray","floor":6,"key":"SMITH"},{"data":"Survivor","floor":8,"key":"SMITH"},{"floor":12,"key":"REST"},{"floor":15,"key":"REST"}],"neow_cost":"TEN_PERCENT_HP_LOSS","seed_source_timestamp":116653772594200,"circlet_count":0,"master_deck":["AscendersBane","Defend_G","Defend_G","Defend_G","Defend_G","Strike_G","Strike_G","Strike_G","Survivor+1","Neutralize","Calculated Gamble","Dagger Spray+1","Dagger Throw","Tactician","PiercingWail","Finesse","Skewer","Acrobatics","Blur"],"relics":["Ring of the Snake","Orichalcum","Bag of Preparation","Anchor","Juzu Bracelet"],"potions_floor_usage":[11,16,16],"damage_taken":[{"damage":4,"enemies":"Small Slimes","floor":1,"turns":4},{"damage":0,"enemies":"2 Louse","floor":2,"turns":4},{"damage":1,"enemies":"Cultist","floor":5,"turns":6},{"damage":16,"enemies":"3 Sentries","floor":7,"turns":6},{"damage":27,"enemies":"Lagavulin","floor":11,"turns":7},{"damage":1,"enemies":"Blue Slaver","floor":13,"turns":3},{"damage":7,"enemies":"Exordium Wildlife","floor":14,"turns":5},{"damage":49,"enemies":"Slime Boss","floor":16,"turns":9}],"seed_played":"-6388805429970809645","potions_obtained":[{"floor":2,"key":"SteroidPotion"},{"floor":7,"key":"Energy Potion"},{"floor":11,"key":"SpeedPotion"},{"floor":13,"key":"Fire Potion"}],"is_trial":false,"path_per_floor":["M","M","?","?","M","R","E","R","T","$","E","R","M","M","R","B"],"character_chosen":"THE_SILENT","items_purchased":["PiercingWail","Finesse"],"campfire_rested":2,"item_purchase_floors":[10,10],"current_hp_per_floor":[55,55,55,55,54,54,38,38,38,38,11,29,28,21,39,0],"gold":60,"neow_bonus":"REMOVE_TWO","is_prod":false,"is_daily":false,"chose_seed":false,"campfire_upgraded":2,"win_rate":0,"timestamp":1558490529,"path_taken":["M","M","?","?","?","R","E","R","T","$","E","R","M","M","R","BOSS"],"build_version":"2019-01-23","purchased_purges":0,"victory":false,"max_hp_per_floor":[60,60,60,60,60,60,60,60,60,60,60,60,60,60,60,60],"card_choices":[{"not_picked":["Outmaneuver","Setup"],"picked":"Calculated Gamble","floor":1},{"not_picked":["Bane","Slice"],"picked":"Dagger Spray","floor":2},{"not_picked":["Calculated Gamble","Blur"],"picked":"Dagger Throw","floor":5},{"not_picked":["Escape Plan","A Thousand Cuts"],"picked":"Tactician","floor":7},{"not_picked":["Sucker Punch","Outmaneuver"],"picked":"Skewer","floor":11},{"not_picked":["Dagger Throw","Deadly Poison"],"picked":"Acrobatics","floor":13},{"not_picked":["Acrobatics","Calculated Gamble"],"picked":"Blur","floor":14}],"player_experience":972959,"relics_obtained":[{"floor":4,"key":"Orichalcum"},{"floor":7,"key":"Bag of Preparation"},{"floor":9,"key":"Anchor"},{"floor":11,"key":"Juzu Bracelet"}],"event_choices":[{"cards_removed":["Strike_G"],"damage_healed":0,"gold_gain":0,"player_choice":"Card Removal","damage_taken":0,"max_hp_gain":0,"max_hp_loss":0,"event_name":"The Cleric","floor":3,"gold_loss":50},{"damage_healed":0,"gold_gain":0,"player_choice":"Relic","damage_taken":0,"max_hp_gain":0,"max_hp_loss":0,"event_name":"Wheel of Change","floor":4,"gold_loss":0}],"is_beta":false,"boss_relics":[],"items_purged_floors":[],"is_endless":false,"potions_floor_spawned":[2,7,11,13,14],"killed_by":"Slime Boss","ascension_level":14}