{"gold_per_floor":[117,192,212,212,232,260,260,260],"floor_reached":8,"playtime":318,"items_purged":[],"score":95,"play_id":"bb61a5da-433a-4684-8f99-46cbd6b2b3a3","local_time":"20190711204939","is_ascension_mode":true,"campfire_choices":[{"data":"Blind","floor":7,"key":"SMITH"}],"neow_cost":"NONE","seed_source_timestamp":255008738468100,"circlet_count":0,"master_deck":["AscendersBane","Strike_G","Strike_G","Strike_G","Strike_G","Strike_G","Defend_G","Defend_G","Defend_G","Defend_G","Defend_G","Survivor","Neutralize","Blind+1","Flying Knee","Deadly Poison","Deflect","Backflip"],"relics":["Ring of the Snake","Calipers"],"potions_floor_usage":[6,6],"damage_taken":[{"damage":2,"enemies":"Cultist","floor":1,"turns":4},{"damage":1,"enemies":"Small Slimes","floor":3,"turns":5},{"damage":1,"enemies":"Jaw Worm","floor":5,"turns":4},{"damage":14,"enemies":"Gremlin Nob","floor":6,"turns":4},{"damage":29,"enemies":"Lagavulin","floor":8,"turns":9}],"seed_played":"2315572813445707396","potions_obtained":[{"floor":1,"key":"FearPotion"},{"floor":5,"key":"Swift Potion"}],"is_trial":false,"path_per_floor":["M","?","M","?","M","E","R","E"],"character_chosen":"THE_SILENT","items_purchased":[],"campfire_rested":0,"item_purchase_floors":[],"current_hp_per_floor":[57,46,45,39,38,24,24,0],"gold":260,"neow_bonus":"RANDOM_COLORLESS","is_prod":false,"is_daily":false,"chose_seed":false,"campfire_upgraded":1,"win_rate":0,"timestamp":1562892579,"path_taken":["M","?","M","?","?","E","R","E"],"build_version":"2019-07-05","purchased_purges":0,"victory":false,"max_hp_per_floor":[66,66,66,66,66,66,66,66],"card_choices":[{"not_picked":["Riddle With Holes","Eviscerate"],"picked":"Flying Knee","floor":1},{"not_picked":["Dagger Spray","Distraction"],"picked":"Deadly Poison","floor":3},{"not_picked":["Endless Agony","Calculated Gamble"],"picked":"Deflect","floor":5},{"not_picked":["Storm of Steel","Riddle With Holes"],"picked":"Backflip","floor":6}],"player_experience":996198,"relics_obtained":[{"floor":6,"key":"Calipers"}],"event_choices":[{"damage_healed":0,"gold_gain":75,"player_choice":"Gather Gold","damage_taken":11,"max_hp_gain":0,"max_hp_loss":0,"event_name":"World of Goop","floor":2,"gold_loss":0},{"damage_healed":0,"gold_gain":0,"player_choice":"Damaged","damage_taken":6,"max_hp_gain":0,"max_hp_loss":0,"event_name":"Wheel of Change","floor":4,"gold_loss":0}],"is_beta":false,"boss_relics":[],"items_purged_floors":[],"is_endless":false,"potions_floor_spawned":[1,5],"killed_by":"Lagavulin","ascension_level":14}