{"gold_per_floor":[112,129,147,147,147,181,181,211,236,7,7,34,34,48,48,122,122,122,37,37,37,37,37,37,37,37,37,37,0,0,0,0,0,0,0,0,0,0,0,0],"floor_reached":40,"playtime":1827,"items_purged":[],"score":724,"play_id":"c89c5db0-d4d2-4747-abe4-7b37ae8552c5","local_time":"20190720214601","is_ascension_mode":true,"campfire_choices":[{"floor":7,"key":"REST"},{"floor":11,"key":"REST"},{"data":"Accuracy","floor":13,"key":"SMITH"},{"floor":15,"key":"REST"},{"data":"Finisher","floor":23,"key":"SMITH"},{"data":"Cloak And Dagger","floor":25,"key":"SMITH"},{"floor":32,"key":"REST"}],"neow_cost":"NONE","seed_source_timestamp":125940023919200,"circlet_count":0,"master_deck":["AscendersBane","Strike_G+1","Defend_G+1","Defend_G+1","Defend_G+1","Defend_G+1","Defend_G+1","Neutralize","Dagger Spray+1","Terror","Flying Knee+1","After Image","Blade Dance","Backflip","Accuracy+1","Panacea+1","Backstab","Escape Plan","Phantasmal Killer","Finisher+1","Well Laid Plans","Cloak And Dagger+1","Storm of Steel","Infinite Blades","Choke","Backflip","Tools of the Trade","Calculated Gamble+1","Phantasmal Killer+1","Finisher+1","Footwork","Blade Dance+1","Deflect"],"relics":["Ring of the Snake","NeowsBlessing","Strawberry","Bag of Preparation","Whetstone","War Paint","Ectoplasm","Pear","Lantern","Oddly Smooth Stone","Pantograph","Astrolabe"],"potions_floor_usage":[8,16,16,37,39,39,40,40],"damage_taken":[{"damage":0,"enemies":"Cultist","floor":1,"turns":1},{"damage":0,"enemies":"2 Louse","floor":2,"turns":1},{"damage":0,"enemies":"Jaw Worm","floor":3,"turns":1},{"damage":32,"enemies":"Gremlin Nob","floor":6,"turns":5},{"damage":10,"enemies":"Lagavulin","floor":8,"turns":5},{"damage":29,"enemies":"Gremlin Nob","floor":12,"turns":4},{"damage":1,"enemies":"2 Fungi Beasts","floor":14,"turns":4},{"damage":21,"enemies":"Slime Boss","floor":16,"turns":6},{"damage":9,"enemies":"Spheric Guardian","floor":18,"turns":5},{"damage":7,"enemies":"3 Byrds","floor":21,"turns":6},{"damage":16,"enemies":"3 Cultists","floor":24,"turns":6},{"damage":14,"enemies":"Slavers","floor":27,"turns":7},{"damage":11,"enemies":"Shelled Parasite and Fungi","floor":30,"turns":5},{"damage":1,"enemies":"Centurion and Healer","floor":31,"turns":5},{"damage":54,"enemies":"Automaton","floor":33,"turns":10},{"damage":26,"enemies":"3 Shapes","floor":35,"turns":4},{"damage":10,"enemies":"3 Darklings","floor":37,"turns":5},{"damage":12,"enemies":"Sphere and 2 Shapes","floor":38,"turns":6},{"damage":11,"enemies":"Writhing Mass","floor":39,"turns":7},{"damage":10,"enemies":"Reptomancer","floor":40,"turns":5}],"seed_played":"4676358391835212601","potions_obtained":[{"floor":6,"key":"Strength Potion"},{"floor":8,"key":"AttackPotion"},{"floor":14,"key":"AttackPotion"},{"floor":27,"key":"Weak Potion"},{"floor":31,"key":"Energy Potion"},{"floor":35,"key":"GhostInAJar"},{"floor":38,"key":"EntropicBrew"}],"is_trial":false,"path_per_floor":["M","M","M","?","?","E","R","E","T","$","R","E","R","M","R","B",null,"M","?","T","M","?","R","M","R","T","E","?","$","M","M","R","B",null,"M","?","M","M","M","E"],"character_chosen":"THE_SILENT","items_purchased":["Accuracy","Panacea","Backstab","Infinite Blades"],"campfire_rested":4,"item_purchase_floors":[10,10,10,29],"current_hp_per_floor":[59,59,59,59,52,27,48,38,38,38,59,30,30,29,50,29,62,53,63,63,56,56,56,40,40,40,26,26,26,15,14,38,9,65,39,39,29,17,6,0],"gold":0,"neow_bonus":"THREE_ENEMY_KILL","is_prod":false,"is_daily":false,"chose_seed":false,"campfire_upgraded":3,"win_rate":0,"timestamp":1563673561,"path_taken":["M","M","?","?","?","E","R","E","T","$","R","E","R","M","R","BOSS","M","?","?","M","?","R","M","R","T","E","?","?","M","M","R","BOSS","M","?","M","?","M","E"],"build_version":"2019-07-17","purchased_purges":0,"victory":false,"max_hp_per_floor":[66,66,66,66,66,73,73,73,73,73,73,73,73,73,73,73,73,73,83,83,83,83,83,83,83,83,83,83,83,83,83,83,83,83,83,83,83,83,83,83],"card_choices":[{"not_picked":["PiercingWail","Dagger Throw"],"picked":"Dagger Spray","floor":1},{"not_picked":["Catalyst","Outmaneuver"],"picked":"Terror","floor":2},{"not_picked":["Bane","Quick Slash"],"picked":"Flying Knee","floor":3},{"not_picked":["Poisoned Stab","Corpse Explosion"],"picked":"Blade Dance","floor":6},{"not_picked":["Flying Knee","Sucker Punch"],"picked":"Backflip","floor":8},{"not_picked":["Setup","Outmaneuver"],"picked":"Escape Plan","floor":12},{"not_picked":["Endless Agony","Masterful Stab","Eviscerate"],"picked":"SKIP","floor":14},{"not_picked":["Venomology","Unload"],"picked":"Phantasmal Killer","floor":16},{"not_picked":["Sucker Punch","Flying Knee"],"picked":"Finisher","floor":18},{"not_picked":["Bane","Predator"],"picked":"Well Laid Plans","floor":21},{"not_picked":["Caltrops","Deflect"],"picked":"Cloak And Dagger","floor":24},{"not_picked":["Escape Plan","Blur"],"picked":"Storm of Steel","floor":27},{"not_picked":["Slice","Catalyst"],"picked":"Choke","floor":30},{"not_picked":["Masterful Stab","Slice"],"picked":"Backflip","floor":31},{"not_picked":["Storm of Steel","Glass Knife"],"picked":"Tools of the Trade","floor":33},{"not_picked":["Dash","Bane+1","Quick Slash"],"picked":"SKIP","floor":35},{"not_picked":["Blade Dance","Terror"],"picked":"Footwork","floor":37},{"not_picked":["Tactician","Quick Slash"],"picked":"Blade Dance+1","floor":38},{"not_picked":["Finisher+1","Slice"],"picked":"Deflect","floor":39}],"player_experience":1000195,"relics_obtained":[{"floor":6,"key":"Strawberry"},{"floor":8,"key":"Bag of Preparation"},{"floor":9,"key":"Whetstone"},{"floor":12,"key":"War Paint"},{"floor":20,"key":"Lantern"},{"floor":26,"key":"Oddly Smooth Stone"},{"floor":27,"key":"Pantograph"}],"event_choices":[{"damage_healed":0,"gold_gain":0,"cards_transformed":["Strike_G"],"player_choice":"Change","damage_taken":0,"max_hp_gain":0,"max_hp_loss":0,"event_name":"Living Wall","floor":4,"gold_loss":0,"cards_obtained":["After Image"]},{"cards_removed":["Strike_G"],"damage_healed":0,"gold_gain":0,"player_choice":"Card Removal","damage_taken":7,"max_hp_gain":0,"max_hp_loss":0,"event_name":"Golden Wing","floor":5,"gold_loss":0},{"damage_healed":0,"gold_gain":0,"player_choice":"Obtained Relic","damage_taken":0,"relics_obtained":["Pear"],"max_hp_gain":0,"max_hp_loss":0,"event_name":"Addict","floor":19,"gold_loss":85},{"damage_healed":0,"gold_gain":99,"player_choice":"Stole From Cult","damage_taken":0,"max_hp_gain":0,"max_hp_loss":0,"event_name":"Nest","floor":22,"gold_loss":0},{"damage_healed":0,"gold_gain":0,"player_choice":"Simplicity","damage_taken":0,"max_hp_gain":0,"max_hp_loss":0,"event_name":"Back to Basics","floor":28,"gold_loss":0,"cards_upgraded":["Strike_G","Strike_G","Strike_G","Defend_G","Defend_G","Defend_G","Defend_G"]},{"damage_healed":0,"gold_gain":0,"player_choice":"Ignored","damage_taken":0,"max_hp_gain":0,"max_hp_loss":0,"event_name":"SecretPortal","floor":36,"gold_loss":0}],"is_beta":false,"boss_relics":[{"not_picked":["Black Star","Fusion Hammer"],"picked":"Ectoplasm"},{"not_picked":["Empty Cage","Tiny House"],"picked":"Astrolabe"}],"items_purged_floors":[],"is_endless":false,"potions_floor_spawned":[6,8,14,27,31,35,38,39],"killed_by":"Reptomancer","ascension_level":14}