{"gold_per_floor":[112,112,131,131,7,7,69,96,96,96,124,198,198,211,211,288,288,300,300,317,317],"floor_reached":21,"playtime":653,"items_purged":[],"score":315,"play_id":"59669901-19a8-47e9-90ec-0e500146e6a9","local_time":"20190715004352","is_ascension_mode":true,"campfire_choices":[{"data":"Noxious Fumes","floor":6,"key":"SMITH"},{"data":"Bane","floor":10,"key":"SMITH"},{"floor":13,"key":"REST"},{"data":"Sucker Punch","floor":15,"key":"SMITH"}],"neow_cost":"NONE","seed_source_timestamp":15442733964000,"circlet_count":0,"master_deck":["AscendersBane","Strike_G","Strike_G","Strike_G","Strike_G","Defend_G","Defend_G","Defend_G","Defend_G","Defend_G","Survivor+1","Neutralize","Poisoned Stab","Corpse Explosion+1","Sucker Punch+1","Noxious Fumes+1","Bane+1","Caltrops","Envenom","Heel Hook","PiercingWail","Burst","Backflip","Blind","Backstab"],"relics":["Ring of the Snake","NeowsBlessing","Singing Bowl","Smiling Mask","Ginger","Sundial","Black Star"],"potions_floor_usage":[8,21,21],"damage_taken":[{"damage":0,"enemies":"Small Slimes","floor":1,"turns":2},{"damage":0,"enemies":"2 Louse","floor":3,"turns":1},{"damage":0,"enemies":"Lagavulin Event","floor":7,"turns":1},{"damage":14,"enemies":"Lagavulin","floor":8,"turns":7},{"damage":20,"enemies":"Gremlin Nob","floor":11,"turns":4},{"damage":0,"enemies":"Jaw Worm","floor":14,"turns":4},{"damage":27,"enemies":"Hexaghost","floor":16,"turns":9},{"damage":6,"enemies":"3 Byrds","floor":18,"turns":2},{"damage":19,"enemies":"Shell Parasite","floor":20,"turns":7},{"damage":26,"enemies":"Sentry and Sphere","floor":21,"turns":3}],"seed_played":"-2210593266108250928","potions_obtained":[{"floor":1,"key":"PowerPotion"},{"floor":7,"key":"Ancient Potion"},{"floor":20,"key":"Regen Potion"}],"is_trial":false,"path_per_floor":["M","?","M","?","$","R","?","E","T","R","E","?","R","M","R","B",null,"M","?","M","M"],"character_chosen":"THE_SILENT","items_purchased":["Noxious Fumes","Bane"],"campfire_rested":1,"item_purchase_floors":[5,5],"current_hp_per_floor":[59,59,59,46,46,46,46,32,32,32,12,12,31,31,31,4,51,45,33,14,0],"gold":317,"neow_bonus":"THREE_ENEMY_KILL","is_prod":false,"is_daily":false,"chose_seed":false,"campfire_upgraded":3,"win_rate":0,"timestamp":1563165832,"path_taken":["M","?","M","?","$","R","?","E","T","R","E","?","R","M","R","BOSS","M","?","M","?"],"build_version":"2019-07-05","purchased_purges":0,"victory":false,"max_hp_per_floor":[66,66,66,66,66,66,66,66,66,66,66,66,66,66,66,66,66,66,66,66,66],"card_choices":[{"not_picked":["All Out Attack","Dagger Spray"],"picked":"Poisoned Stab","floor":1},{"not_picked":["Dash","Underhanded Strike"],"picked":"Sucker Punch","floor":3},{"not_picked":["Predator","Choke"],"picked":"Caltrops","floor":7},{"not_picked":["Heel Hook","Tactician"],"picked":"Envenom","floor":8},{"not_picked":["Accuracy","PiercingWail"],"picked":"Heel Hook","floor":11},{"not_picked":["Bane","Dagger Spray"],"picked":"PiercingWail","floor":14},{"not_picked":["Phantasmal Killer","Adrenaline"],"picked":"Burst","floor":16},{"not_picked":["Quick Slash","Acrobatics+1"],"picked":"Backflip","floor":18},{"not_picked":["Backflip","Cloak And Dagger"],"picked":"Backstab","floor":20}],"player_experience":997142,"relics_obtained":[{"floor":7,"key":"Singing Bowl"},{"floor":8,"key":"Smiling Mask"},{"floor":9,"key":"Ginger"},{"floor":11,"key":"Sundial"}],"event_choices":[{"damage_healed":0,"gold_gain":0,"cards_transformed":["Strike_G"],"player_choice":"Change","damage_taken":0,"max_hp_gain":0,"max_hp_loss":0,"event_name":"Living Wall","floor":2,"gold_loss":0,"cards_obtained":["Corpse Explosion"]},{"damage_healed":0,"gold_gain":0,"player_choice":"Entered Light","damage_taken":13,"max_hp_gain":0,"max_hp_loss":0,"event_name":"Shining Light","floor":4,"gold_loss":0,"cards_upgraded":["Corpse Explosion","Survivor"]},{"damage_healed":0,"gold_gain":0,"player_choice":"Searched \u00271\u0027 times","damage_taken":0,"max_hp_gain":0,"max_hp_loss":0,"event_name":"Dead Adventurer","floor":7,"gold_loss":0},{"damage_healed":0,"gold_gain":74,"player_choice":"Gained Gold","damage_taken":0,"max_hp_gain":0,"max_hp_loss":0,"event_name":"Golden Wing","floor":12,"gold_loss":0},{"damage_healed":0,"gold_gain":0,"player_choice":"CARD ","damage_taken":12,"max_hp_gain":0,"max_hp_loss":0,"event_name":"Knowing Skull","floor":19,"potions_obtained":[],"gold_loss":0,"cards_obtained":["Blind"]}],"is_beta":false,"boss_relics":[{"not_picked":["Fusion Hammer","WristBlade"],"picked":"Black Star"}],"items_purged_floors":[],"is_endless":false,"potions_floor_spawned":[1,7,20],"killed_by":"Sentry and Sphere","ascension_level":14}