{"gold_per_floor":[110,285,285,60,77,106,120,120,120,154,167,239,82,99,99,176,176,196,196,179,179,192,192,226,226,226,238,117,129,129,50,50,127,127,139,239,239,93,112,112,138,167,222,222,551,551,564,49,49,49],"floor_reached":51,"playtime":3173,"items_purged":["Parasite"],"score":1369,"play_id":"5668d598-1a53-4c89-b20f-432cb169b696","local_time":"20190726124051","is_ascension_mode":true,"campfire_choices":[{"data":"Accuracy","floor":8,"key":"SMITH"},{"data":"Blade Dance","floor":15,"key":"SMITH"},{"floor":23,"key":"REST"},{"data":"A Thousand Cuts","floor":25,"key":"SMITH"},{"floor":30,"key":"REST"},{"floor":32,"key":"REST"},{"floor":40,"key":"REST"},{"floor":44,"key":"REST"},{"floor":49,"key":"REST"}],"neow_cost":"NONE","seed_source_timestamp":610277415442800,"circlet_count":0,"master_deck":["AscendersBane","Strike_G","Strike_G","Strike_G","Strike_G","Defend_G","Defend_G","Defend_G","Defend_G","Defend_G","Survivor","Neutralize","Well Laid Plans","Adrenaline","Accuracy+1","Leg Sweep","Blade Dance+1","Choke","Finisher","Distraction","PiercingWail","Flying Knee","A Thousand Cuts+1","Backflip","Cloak And Dagger","Blade Dance","Cloak And Dagger","Accuracy","Footwork","Dodge and Roll","Blur","After Image","Distraction+1","PiercingWail+1","Secret Technique","Good Instincts","Panacea","Infinite Blades","Blur","Accuracy","Finesse"],"relics":["Ring of the Serpent","NeowsBlessing","Nunchaku","Torii","Orichalcum","Regal Pillow","Calling Bell","PreservedInsect","Kunai","Ginger","Matryoshka","Art of War","WingedGreaves","Molten Egg 2","Dream Catcher","Happy Flower","Strawberry","Old Coin","Bottled Tornado"],"potions_floor_usage":[16,22,24,33,41,48],"damage_taken":[{"damage":0,"enemies":"Small Slimes","floor":1,"turns":1},{"damage":0,"enemies":"2 Louse","floor":5,"turns":1},{"damage":0,"enemies":"3 Sentries","floor":6,"turns":1},{"damage":0,"enemies":"Jaw Worm","floor":7,"turns":4},{"damage":14,"enemies":"Gremlin Nob","floor":10,"turns":4},{"damage":1,"enemies":"Looter","floor":11,"turns":3},{"damage":0,"enemies":"Large Slime","floor":14,"turns":6},{"damage":2,"enemies":"Hexaghost","floor":16,"turns":9},{"damage":10,"enemies":"Chosen","floor":18,"turns":7},{"damage":18,"enemies":"2 Thieves","floor":20,"turns":5},{"damage":11,"enemies":"Centurion and Healer","floor":22,"turns":5},{"damage":34,"enemies":"Book of Stabbing","floor":24,"turns":5},{"damage":11,"enemies":"Chosen and Byrds","floor":27,"turns":9},{"damage":8,"enemies":"3 Cultists","floor":29,"turns":5},{"damage":26,"enemies":"Collector","floor":33,"turns":11},{"damage":4,"enemies":"Orb Walker","floor":35,"turns":6},{"damage":2,"enemies":"Mind Bloom Boss Battle","floor":36,"turns":11},{"damage":30,"enemies":"3 Darklings","floor":39,"turns":6},{"damage":0,"enemies":"Nemesis","floor":41,"turns":7},{"damage":31,"enemies":"Giant Head","floor":42,"turns":8},{"damage":12,"enemies":"Nemesis","floor":45,"turns":9},{"damage":9,"enemies":"Writhing Mass","floor":47,"turns":8},{"damage":71,"enemies":"Awakened One","floor":50,"turns":16}],"seed_played":"-4059834739605755916","potions_obtained":[{"floor":1,"key":"GhostInAJar"},{"floor":10,"key":"SpeedPotion"},{"floor":11,"key":"Strength Potion"},{"floor":16,"key":"SkillPotion"},{"floor":22,"key":"Energy Potion"},{"floor":29,"key":"GhostInAJar"},{"floor":33,"key":"SkillPotion"},{"floor":39,"key":"GhostInAJar"},{"floor":42,"key":"Explosive Potion"}],"is_trial":false,"path_per_floor":["M","?","?","$","M","E","M","R","T","E","M","?","$","M","R","B",null,"M","?","M","?","M","R","E","R","T","M","$","M","R","$","R","B",null,"M","?","?","$","M","R","E","E","T","R","E","?","M","$","R","B",null],"character_chosen":"THE_SILENT","items_purchased":["Adrenaline","Accuracy","Leg Sweep","Regal Pillow","Footwork","Dodge and Roll","Blur","Infinite Blades","Blur","Bottled Tornado","Finesse","Fruit Juice"],"campfire_rested":6,"item_purchase_floors":[4,4,4,13,28,28,31,38,38,48,48,48],"current_hp_per_floor":[59,59,59,59,59,59,59,59,59,45,44,44,44,44,44,42,60,50,50,32,32,21,54,20,20,20,9,9,1,34,34,63,37,57,53,51,41,41,11,44,44,13,20,56,44,44,35,40,72,1],"gold":49,"neow_bonus":"THREE_ENEMY_KILL","is_prod":false,"is_daily":false,"chose_seed":false,"campfire_upgraded":3,"win_rate":0,"timestamp":1564159251,"path_taken":["M","?","?","?","M","E","M","R","T","E","M","?","$","M","R","BOSS","M","?","M","?","?","R","E","R","T","M","$","M","R","$","R","BOSS","M","?","?","$","M","R","E","E","T","R","E","?","M","$","R","BOSS"],"build_version":"2019-07-17","purchased_purges":1,"victory":true,"max_hp_per_floor":[66,66,66,66,66,66,66,66,66,66,66,66,66,66,66,66,66,66,66,66,63,63,63,63,63,63,63,63,63,63,63,63,63,63,63,63,63,63,63,63,63,63,70,70,70,70,70,72,72,72],"card_choices":[{"not_picked":["Blur","Sucker Punch"],"picked":"Well Laid Plans","floor":1},{"not_picked":["Dagger Throw","PiercingWail"],"picked":"Blade Dance","floor":5},{"not_picked":["Sucker Punch","Quick Slash"],"picked":"Choke","floor":6},{"not_picked":["Expertise","Leg Sweep"],"picked":"Finisher","floor":7},{"not_picked":["Bane","Underhanded Strike"],"picked":"Distraction","floor":10},{"not_picked":["Venomology","Deflect"],"picked":"PiercingWail","floor":11},{"not_picked":["Deflect","Eviscerate"],"picked":"Flying Knee","floor":14},{"not_picked":["Corpse Explosion","Grand Finale"],"picked":"A Thousand Cuts","floor":16},{"not_picked":["Dagger Throw","Setup"],"picked":"Backflip","floor":18},{"not_picked":["Blade Dance","Dagger Spray"],"picked":"Cloak And Dagger","floor":20},{"not_picked":["Prepared","Distraction"],"picked":"Blade Dance","floor":22},{"not_picked":["Acrobatics","Leg Sweep"],"picked":"Cloak And Dagger","floor":24},{"not_picked":["Underhanded Strike","Footwork"],"picked":"Accuracy","floor":27},{"not_picked":["Deflect+1","Flying Knee","Reflex"],"picked":"SKIP","floor":29},{"not_picked":["Corpse Explosion","Unload"],"picked":"After Image","floor":33},{"not_picked":["Dagger Spray","Slice"],"picked":"Distraction+1","floor":35},{"not_picked":["Distraction","Prepared"],"picked":"PiercingWail+1","floor":36},{"not_picked":["PanicButton","Forethought"],"picked":"Secret Technique","floor":37},{"not_picked":["Dark Shackles","Madness"],"picked":"Good Instincts","floor":37},{"not_picked":["Purity","Thinking Ahead"],"picked":"Panacea","floor":37},{"not_picked":["PiercingWail","Outmaneuver+1","Acrobatics"],"picked":"SKIP","floor":39},{"not_picked":["Sucker Punch","Dagger Throw","Unload"],"picked":"SKIP","floor":41},{"not_picked":["Blur","Dagger Spray+1","Flying Knee+1"],"picked":"SKIP","floor":42},{"not_picked":["Dagger Throw+1","Prepared"],"picked":"Accuracy","floor":44},{"not_picked":["PiercingWail","Tactician+1","Riddle With Holes+1"],"picked":"SKIP","floor":45},{"not_picked":["Dagger Spray+1","Setup","Heel Hook+1"],"picked":"SKIP","floor":47}],"player_experience":1002675,"relics_obtained":[{"floor":6,"key":"Nunchaku"},{"floor":9,"key":"Torii"},{"floor":10,"key":"Orichalcum"},{"floor":17,"key":"PreservedInsect"},{"floor":17,"key":"Kunai"},{"floor":17,"key":"Ginger"},{"floor":24,"key":"Matryoshka"},{"floor":26,"key":"Art of War"},{"floor":36,"key":"WingedGreaves"},{"floor":41,"key":"Molten Egg 2"},{"floor":42,"key":"Dream Catcher"},{"floor":43,"key":"Happy Flower"},{"floor":43,"key":"Strawberry"},{"floor":45,"key":"Old Coin"}],"event_choices":[{"damage_healed":0,"gold_gain":175,"player_choice":"AGREE","damage_taken":0,"max_hp_gain":0,"max_hp_loss":0,"event_name":"Liars Game","floor":2,"gold_loss":0,"cards_obtained":["Doubt"]},{"cards_removed":["Doubt"],"damage_healed":0,"gold_gain":0,"player_choice":"Forget","damage_taken":0,"max_hp_gain":0,"max_hp_loss":0,"event_name":"Living Wall","floor":3,"gold_loss":0},{"damage_healed":0,"gold_gain":72,"player_choice":"Gained Gold","damage_taken":0,"max_hp_gain":0,"max_hp_loss":0,"event_name":"Golden Wing","floor":12,"gold_loss":0},{"damage_healed":0,"gold_gain":0,"player_choice":"Ignored","damage_taken":0,"max_hp_gain":0,"max_hp_loss":0,"event_name":"Ghosts","floor":19,"gold_loss":0},{"cards_removed":["Parasite","Decay","Clumsy"],"damage_healed":0,"gold_gain":0,"player_choice":"Removed Curses","damage_taken":0,"max_hp_gain":0,"max_hp_loss":0,"event_name":"Fountain of Cleansing","floor":21,"gold_loss":0},{"damage_healed":0,"gold_gain":0,"player_choice":"Fight","damage_taken":0,"max_hp_gain":0,"max_hp_loss":0,"event_name":"MindBloom","floor":36,"gold_loss":0},{"damage_healed":0,"gold_gain":0,"player_choice":"Memory 3","damage_taken":10,"max_hp_gain":0,"max_hp_loss":0,"event_name":"SensoryStone","floor":37,"gold_loss":0},{"cards_removed":["Strike_G"],"damage_healed":0,"gold_gain":0,"player_choice":"Removed Attack","damage_taken":0,"max_hp_gain":0,"max_hp_loss":0,"event_name":"Falling","floor":46,"gold_loss":0}],"is_beta":false,"boss_relics":[{"not_picked":["Runic Dome","Busted Crown"],"picked":"Calling Bell"},{"not_picked":["Lizard Tail","Velvet Choker"],"picked":"Ring of the Serpent"}],"items_purged_floors":[48],"is_endless":false,"potions_floor_spawned":[1,10,11,14,16,18,22,29,33,36,39,42,45],"ascension_level":14}