{"gold_per_floor":[113,263,263,277,287,318,318,347,347,272,288,305,305],"floor_reached":13,"playtime":603,"items_purged":[],"score":191,"play_id":"ac4e2eb8-7f2b-4b65-acb3-b5c58bb29786","local_time":"20191017183702","is_ascension_mode":true,"campfire_choices":[{"data":"Quick Slash","floor":7,"key":"SMITH"}],"neow_cost":"NONE","seed_source_timestamp":1552769765956600,"circlet_count":0,"master_deck":["AscendersBane","Strike_G","Strike_G","Strike_G","Strike_G","Strike_G","Defend_G","Defend_G","Defend_G","Defend_G","Defend_G","Survivor","Neutralize","Quick Slash+1","Terror","Dagger Throw","Leg Sweep","Malaise","Escape Plan","Flechettes"],"relics":["Ring of the Snake","FaceOfCleric","Happy Flower","Pear","Blood Vial"],"potions_floor_usage":[13],"damage_taken":[{"damage":4,"enemies":"Jaw Worm","floor":1,"turns":7},{"damage":1,"enemies":"2 Louse","floor":4,"turns":4},{"damage":0,"enemies":"Cultist","floor":5,"turns":3},{"damage":30,"enemies":"Lagavulin","floor":6,"turns":5},{"damage":8,"enemies":"Gremlin Nob","floor":8,"turns":4},{"damage":18,"enemies":"Large Slime","floor":11,"turns":9},{"damage":6,"enemies":"2 Fungi Beasts","floor":12,"turns":3},{"damage":24,"enemies":"3 Sentries","floor":13,"turns":8}],"seed_played":"5690252730493266701","potions_obtained":[{"floor":6,"key":"EssenceOfSteel"},{"floor":8,"key":"Weak Potion"},{"floor":11,"key":"SkillPotion"},{"floor":12,"key":"Ancient Potion"}],"is_trial":false,"path_per_floor":["M","?","?","M","M","E","R","E","T","?","M","M","E"],"character_chosen":"THE_SILENT","items_purchased":[],"campfire_rested":0,"item_purchase_floors":[],"current_hp_per_floor":[61,61,61,61,62,33,33,36,36,36,21,18,0],"gold":305,"neow_bonus":"TEN_PERCENT_HP_BONUS","is_prod":false,"is_daily":false,"chose_seed":false,"campfire_upgraded":1,"win_rate":0,"timestamp":1571351822,"path_taken":["M","?","?","?","M","E","R","E","T","?","M","M","E"],"build_version":"2019-07-17","purchased_purges":0,"victory":false,"max_hp_per_floor":[72,72,72,73,74,75,75,86,86,86,87,88,88],"card_choices":[{"not_picked":["Deadly Poison","PiercingWail"],"picked":"Quick Slash","floor":1},{"not_picked":["Outmaneuver","Expertise"],"picked":"Terror","floor":4},{"not_picked":["Outmaneuver","Prepared"],"picked":"Dagger Throw","floor":5},{"not_picked":["Sucker Punch","Choke"],"picked":"Leg Sweep","floor":6},{"not_picked":["Deflect","Poisoned Stab"],"picked":"Malaise","floor":8},{"not_picked":["Dodge and Roll","Deflect"],"picked":"Escape Plan","floor":11},{"not_picked":["Flying Knee","Deadly Poison"],"picked":"Flechettes","floor":12}],"player_experience":1034896,"relics_obtained":[{"floor":6,"key":"Happy Flower"},{"floor":8,"key":"Pear"},{"floor":9,"key":"Blood Vial"}],"event_choices":[{"damage_healed":0,"gold_gain":150,"player_choice":"AGREE","damage_taken":0,"max_hp_gain":0,"max_hp_loss":0,"event_name":"Liars Game","floor":2,"gold_loss":0,"cards_obtained":["Doubt"]},{"damage_healed":0,"gold_gain":0,"player_choice":"Trade","damage_taken":0,"relics_obtained":["FaceOfCleric"],"max_hp_gain":0,"max_hp_loss":0,"event_name":"FaceTrader","floor":3,"gold_loss":0},{"cards_removed":["Doubt"],"damage_healed":0,"gold_gain":0,"player_choice":"Card Removal","damage_taken":0,"max_hp_gain":0,"max_hp_loss":0,"event_name":"The Cleric","floor":10,"gold_loss":75}],"is_beta":false,"boss_relics":[],"items_purged_floors":[],"is_endless":false,"potions_floor_spawned":[6,8,11,12],"killed_by":"3 Sentries","ascension_level":15}