{"gold_per_floor":[127,153,165,192,174,215,227,239],"floor_reached":8,"playtime":401,"items_purged":[],"score":98,"play_id":"576b7582-d1cb-4d69-9dd6-0f25a2b3b2cb","local_time":"20201007210050","is_ascension_mode":true,"campfire_choices":[],"neow_cost":"NONE","seed_source_timestamp":28138376012900,"circlet_count":0,"master_deck":["AscendersBane","Strike_G","Strike_G","Strike_G","Strike_G","Defend_G","Defend_G","Defend_G","Defend_G","Defend_G","Survivor","Neutralize","Dagger Throw","Accuracy","Setup","Blade Dance","Underhanded Strike","Accuracy"],"relics":["Ring of the Snake","MawBank","Toy Ornithopter","Molten Egg 2"],"potions_floor_usage":[6,8],"damage_taken":[{"damage":3,"enemies":"Small Slimes","floor":1,"turns":4},{"damage":0,"enemies":"Cultist","floor":2,"turns":4},{"damage":1,"enemies":"2 Louse","floor":4,"turns":4},{"damage":1,"enemies":"Looter","floor":5,"turns":4},{"damage":35,"enemies":"Gremlin Nob","floor":6,"turns":5},{"damage":35,"enemies":"Lagavulin","floor":8,"turns":6}],"seed_played":"6470327614099437407","potions_obtained":[{"floor":1,"key":"LiquidMemories"},{"floor":6,"key":"GamblersBrew"}],"is_trial":false,"path_per_floor":["M","M","?","M","M","E","T","E"],"character_chosen":"THE_SILENT","items_purchased":[],"campfire_rested":0,"item_purchase_floors":[],"current_hp_per_floor":[56,56,56,55,54,19,19,0],"gold":239,"neow_bonus":"RANDOM_COMMON_RELIC","is_prod":false,"is_daily":false,"chose_seed":false,"campfire_upgraded":0,"win_rate":0,"timestamp":1602118850,"path_taken":["M","M","?","?","M","E","?","E"],"build_version":"2020-07-30","purchased_purges":0,"victory":false,"max_hp_per_floor":[66,66,66,66,66,66,66,66],"card_choices":[{"not_picked":["Acrobatics","Cloak And Dagger"],"picked":"Dagger Throw","floor":1},{"not_picked":["Deadly Poison","Masterful Stab"],"picked":"Accuracy","floor":2},{"not_picked":["Terror","Crippling Poison"],"picked":"Blade Dance","floor":4},{"not_picked":["Bouncing Flask","Dodge and Roll"],"picked":"Underhanded Strike","floor":5},{"not_picked":["Prepared","PiercingWail"],"picked":"Accuracy","floor":6}],"player_experience":1203939,"relics_obtained":[{"floor":6,"key":"Toy Ornithopter"},{"floor":7,"key":"Molten Egg 2"}],"event_choices":[{"damage_healed":0,"gold_gain":0,"cards_transformed":["Strike_G"],"player_choice":"Transformed","damage_taken":0,"max_hp_gain":0,"max_hp_loss":0,"event_name":"Transmorgrifier","floor":3,"gold_loss":0,"cards_obtained":["Setup"]}],"is_beta":false,"boss_relics":[],"items_purged_floors":[],"is_endless":false,"potions_floor_spawned":[1,6],"killed_by":"Lagavulin","ascension_level":15}