{"gold_per_floor":[115,115,190,3,3,3,21,50,100,165,178,6,6,36,36,36],"floor_reached":16,"playtime":278,"items_purged":[],"score":229,"play_id":"060d9950-b6b9-4c6a-95f9-bba87c236b11","local_time":"20201023175442","is_ascension_mode":true,"campfire_choices":[{"data":"Accuracy","floor":6.0,"key":"SMITH"},{"floor":13,"key":"REST"},{"data":"Glass Knife","floor":15,"key":"SMITH"}],"neow_cost":"NONE","seed_source_timestamp":340802047154200,"circlet_count":0,"master_deck":["AscendersBane","Strike_G","Strike_G","Strike_G","Strike_G","Strike_G","Defend_G","Defend_G","Defend_G","Defend_G","Defend_G","Survivor","Neutralize","Infinite Blades","Accuracy+1","Flying Knee","Glass Knife+1","Blade Dance","Mayhem"],"special_seed":0,"relics":["Ring of the Snake","NeowsBlessing","Membership Card","Mercury Hourglass","Question Card","Blood Vial","Ancient Tea Set","Bag of Marbles","Molten Egg 2"],"potions_floor_usage":[14,16],"damage_taken":[{"damage":0.0,"enemies":"Jaw Worm","floor":1.0,"turns":1.0},{"damage":0.0,"enemies":"Small Slimes","floor":7.0,"turns":1.0},{"damage":0.0,"enemies":"Gremlin Nob","floor":8.0,"turns":1.0},{"damage":39.0,"enemies":"Lagavulin Event","floor":10.0,"turns":6.0},{"damage":0.0,"enemies":"2 Louse","floor":11.0,"turns":2.0},{"damage":7,"enemies":"Lagavulin","floor":14,"turns":4},{"damage":31,"enemies":"Slime Boss","floor":16,"turns":3}],"seed_played":"-6956129533988954615","potions_obtained":[{"floor":1.0,"key":"ColorlessPotion"},{"floor":7.0,"key":"Swift Potion"},{"floor":10.0,"key":"BlessingOfTheForge"}],"is_trial":false,"path_per_floor":["M","?","?","$","?","R","M","E","T","?","M","$","R","E","R","B"],"character_chosen":"THE_SILENT","items_purchased":["Membership Card","Accuracy","Bag of Marbles","Mayhem"],"campfire_rested":1,"item_purchase_floors":[4,4,12,12],"current_hp_per_floor":[59,64,53,53,48,48,48,48,48,11,13,13,34,29,29,0],"gold":36,"neow_bonus":"THREE_ENEMY_KILL","is_prod":false,"is_daily":false,"chose_seed":false,"campfire_upgraded":2,"win_rate":0,"timestamp":1603490082,"path_taken":["M","?","?","?","?","R","M","E","T","?","M","$","R","E","R","BOSS"],"build_version":"2020-07-30","purchased_purges":0,"victory":false,"max_hp_per_floor":[66,71,71,71,71,71,71,71,71,71,71,71,71,71,71,71],"card_choices":[{"not_picked":["Deadly Poison","Expertise"],"picked":"Infinite Blades","floor":1.0},{"not_picked":["Outmaneuver","Slice"],"picked":"Flying Knee","floor":7.0},{"not_picked":["Quick Slash","Underhanded Strike","Calculated Gamble"],"picked":"SKIP","floor":8.0},{"not_picked":["Bane","Poisoned Stab","Backflip"],"picked":"Glass Knife","floor":10.0},{"not_picked":["Finisher","All Out Attack","Deflect"],"picked":"Blade Dance","floor":11},{"not_picked":["Reflex","Crippling Poison","Tactician","Bane+1"],"picked":"SKIP","floor":14}],"player_experience":1227186,"relics_obtained":[{"floor":8.0,"key":"Question Card"},{"floor":9.0,"key":"Blood Vial"},{"floor":14,"key":"Molten Egg 2"}],"event_choices":[{"damage_healed":0.0,"max_hp_gain":5.0,"max_hp_loss":0.0,"gold_gain":0.0,"event_name":"Big Fish","player_choice":"Donut","floor":2.0,"gold_loss":0.0,"damage_taken":0.0},{"damage_healed":0.0,"max_hp_gain":0.0,"max_hp_loss":0.0,"gold_gain":75.0,"event_name":"World of Goop","player_choice":"Gather Gold","floor":3.0,"gold_loss":0.0,"damage_taken":11.0},{"damage_healed":0.0,"max_hp_gain":0.0,"max_hp_loss":0.0,"gold_gain":0.0,"event_name":"Scrap Ooze","player_choice":"Success","floor":5.0,"gold_loss":0.0,"damage_taken":5.0,"relics_obtained":["Mercury Hourglass"]},{"damage_healed":0.0,"max_hp_gain":0.0,"max_hp_loss":0.0,"gold_gain":30.0,"event_name":"Dead Adventurer","player_choice":"Searched \u00273\u0027 times","floor":10.0,"gold_loss":0.0,"damage_taken":0.0,"relics_obtained":["Ancient Tea Set"]}],"is_beta":false,"boss_relics":[],"items_purged_floors":[],"is_endless":false,"potions_floor_spawned":[1,7,10],"killed_by":"Slime Boss","ascension_level":15}