{"gold_per_floor":[119,129,143,158,177,210,210,210],"floor_reached":8,"playtime":401,"items_purged":[],"score":105,"play_id":"4521a951-8740-4e08-a1b1-dc2ffdefb65d","local_time":"20210212143248","is_ascension_mode":true,"campfire_choices":[],"neow_cost":"NONE","seed_source_timestamp":2411596131882900,"circlet_count":0,"master_deck":["AscendersBane","Strike_G","Strike_G","Strike_G","Strike_G","Strike_G","Defend_G","Defend_G","Defend_G","Defend_G","Defend_G","Survivor","Neutralize","Crippling Poison+1","PiercingWail","Dagger Throw","Caltrops","Bane","Terror"],"relics":["Ring of the Snake","Letter Opener"],"potions_floor_usage":[6,8],"damage_taken":[{"damage":3,"enemies":"Cultist","floor":1,"turns":5},{"damage":5,"enemies":"Small Slimes","floor":2,"turns":3},{"damage":0,"enemies":"Jaw Worm","floor":3,"turns":6},{"damage":3,"enemies":"Lots of Slimes","floor":4,"turns":5},{"damage":1,"enemies":"2 Fungi Beasts","floor":5,"turns":5},{"damage":30,"enemies":"Gremlin Nob","floor":6,"turns":4},{"damage":27,"enemies":"Lagavulin","floor":8,"turns":6}],"seed_played":"878880791528045119","potions_obtained":[{"floor":1,"key":"ColorlessPotion"},{"floor":5,"key":"EssenceOfSteel"}],"is_trial":false,"path_per_floor":["M","M","M","M","M","E","?","E"],"character_chosen":"THE_SILENT","items_purchased":[],"campfire_rested":0,"item_purchase_floors":[],"current_hp_per_floor":[62,57,57,54,53,23,23,0],"gold":210,"neow_bonus":"TEN_PERCENT_HP_BONUS","is_prod":false,"is_daily":false,"chose_seed":false,"campfire_upgraded":0,"win_rate":0,"timestamp":1613158368,"path_taken":["M","?","M","M","?","E","?","E"],"build_version":"2020-12-22","purchased_purges":0,"victory":false,"max_hp_per_floor":[72,72,72,72,72,72,72,72],"card_choices":[{"not_picked":["Outmaneuver","Blade Dance"],"picked":"Crippling Poison","floor":1},{"not_picked":["Calculated Gamble","Terror"],"picked":"PiercingWail","floor":2},{"not_picked":["Flying Knee","Night Terror"],"picked":"Dagger Throw","floor":3},{"not_picked":["Blade Dance","Dagger Spray"],"picked":"Caltrops","floor":4},{"not_picked":["Caltrops","Dagger Throw"],"picked":"Bane","floor":5},{"not_picked":["Grand Finale","Cloak And Dagger"],"picked":"Terror","floor":6}],"player_experience":1289919,"relics_obtained":[{"floor":6,"key":"Letter Opener"}],"event_choices":[{"damage_healed":0,"gold_gain":0,"player_choice":"Forge","damage_taken":0,"max_hp_gain":0,"max_hp_loss":0,"event_name":"Accursed Blacksmith","floor":7,"gold_loss":0,"cards_upgraded":["Crippling Poison"]}],"is_beta":false,"boss_relics":[],"items_purged_floors":[],"is_endless":false,"potions_floor_spawned":[1,5],"killed_by":"Lagavulin","ascension_level":15}