{"gold_per_floor":[116,127,137,8,27,55,55,55,55,55,82,82,98,132,132,210,210,222,222,222,233,124,149,149,159,159,0,0,0,0,0,0,77,77,89,59,70,88,0,0,25,44,44,44,59,85,85,8,8,8],"floor_reached":51,"playtime":2202,"items_purged":["Decay"],"score":1259,"play_id":"877a6ef9-a193-48e1-960f-bc7c38a6812e","local_time":"20210224113514","is_ascension_mode":true,"campfire_choices":[{"data":"Predator","floor":7,"key":"SMITH"},{"floor":10,"key":"REST"},{"floor":12,"key":"REST"},{"floor":15,"key":"REST"},{"data":"Accuracy","floor":24,"key":"SMITH"},{"floor":30,"key":"REST"},{"floor":32,"key":"REST"},{"data":"Malaise","floor":40,"key":"SMITH"},{"floor":44,"key":"REST"},{"floor":49,"key":"REST"}],"neow_cost":"NONE","seed_source_timestamp":658176260485900,"circlet_count":0,"master_deck":["AscendersBane","Strike_G","Strike_G","Strike_G","Defend_G","Defend_G","Defend_G","Defend_G","Defend_G","Survivor","Neutralize","Terror","PiercingWail","Flash of Steel","Poisoned Stab","Predator+1","Crippling Poison","Dash","Malaise+1","Blade Dance","Accuracy+1","Endless Agony","Deflect","Blade Dance","Accuracy"],"relics":["Ring of the Snake","NeowsBlessing","Gambling Chip","Sundial","Calipers","Ornamental Fan","HornCleat","Busted Crown","InkBottle","Kunai","WristBlade","Red Mask","Potion Belt","Gremlin Horn","Smiling Mask"],"potions_floor_usage":[6,13,14,14,16,25,38,46,50,50],"damage_taken":[{"damage":0,"enemies":"Cultist","floor":1,"turns":1},{"damage":0,"enemies":"Jaw Worm","floor":2,"turns":1},{"damage":0,"enemies":"Small Slimes","floor":3,"turns":2},{"damage":6,"enemies":"Blue Slaver","floor":5,"turns":5},{"damage":17,"enemies":"Lagavulin","floor":6,"turns":7},{"damage":35,"enemies":"Gremlin Nob","floor":11,"turns":5},{"damage":1,"enemies":"Exordium Thugs","floor":13,"turns":4},{"damage":10,"enemies":"Lagavulin","floor":14,"turns":6},{"damage":11,"enemies":"The Guardian","floor":16,"turns":9},{"damage":0,"enemies":"3 Byrds","floor":18,"turns":6},{"damage":5,"enemies":"Chosen","floor":21,"turns":5},{"damage":10,"enemies":"Book of Stabbing","floor":23,"turns":7},{"damage":40,"enemies":"Sentry and Sphere","floor":25,"turns":9},{"damage":22,"enemies":"Collector","floor":33,"turns":12},{"damage":0,"enemies":"Orb Walker","floor":35,"turns":3},{"damage":7,"enemies":"3 Shapes","floor":37,"turns":6},{"damage":14,"enemies":"Transient","floor":38,"turns":5},{"damage":22,"enemies":"Reptomancer","floor":41,"turns":10},{"damage":4,"enemies":"Writhing Mass","floor":42,"turns":5},{"damage":2,"enemies":"4 Shapes","floor":45,"turns":3},{"damage":9,"enemies":"Giant Head","floor":46,"turns":8},{"damage":1,"enemies":"Awakened One","floor":50,"turns":13}],"seed_played":"-971942210868140480","potions_obtained":[{"floor":3,"key":"DuplicationPotion"},{"floor":6,"key":"Weak Potion"},{"floor":11,"key":"DuplicationPotion"},{"floor":13,"key":"Ancient Potion"},{"floor":14,"key":"SkillPotion"},{"floor":23,"key":"Regen Potion"},{"floor":36,"key":"PowerPotion"},{"floor":36,"key":"DistilledChaos"},{"floor":41,"key":"GhostInAJar"},{"floor":42,"key":"GamblersBrew"}],"is_trial":false,"path_per_floor":["M","M","M","$","M","E","R","?","T","R","E","R","M","E","R","B",null,"M","?","?","M","$","E","R","M","T","?","$","$","R","?","R","B",null,"M","?","M","M","?","R","E","M","T","R","M","E","?","$","R","B",null],"character_chosen":"THE_SILENT","items_purchased":["Flash of Steel","Poisoned Stab","Accuracy","Accuracy"],"campfire_rested":7,"item_purchase_floors":[4,4,22,48],"current_hp_per_floor":[59,59,59,59,53,36,36,18,18,37,2,21,20,10,29,18,54,54,54,54,49,49,39,39,8,8,8,8,8,27,27,46,24,56,56,56,49,35,35,35,13,9,9,28,26,17,17,17,36,35],"gold":8,"neow_bonus":"THREE_ENEMY_KILL","is_prod":false,"is_daily":false,"chose_seed":false,"campfire_upgraded":3,"win_rate":0,"timestamp":1614184514,"path_taken":["M","?","M","$","M","E","R","?","T","R","E","R","M","E","R","BOSS","M","?","?","?","$","E","R","?","T","?","?","$","R","?","R","BOSS","M","?","?","M","?","R","E","M","T","R","M","E","?","$","R","BOSS"],"build_version":"2020-12-22","purchased_purges":1,"victory":true,"max_hp_per_floor":[66,66,66,66,66,66,66,66,66,66,66,66,66,66,66,66,66,66,66,66,66,66,66,66,66,66,66,66,66,66,66,66,66,66,66,66,66,66,66,66,66,66,66,66,66,66,66,66,66,66],"card_choices":[{"not_picked":["Poisoned Stab","Backflip"],"picked":"Terror","floor":1},{"not_picked":["Dodge and Roll","Deflect"],"picked":"PiercingWail","floor":2},{"not_picked":["Acrobatics","Outmaneuver","Terror"],"picked":"SKIP","floor":3},{"not_picked":["Slice","Dagger Spray"],"picked":"Predator","floor":5},{"not_picked":["Doppelganger","Burst"],"picked":"Crippling Poison","floor":6},{"not_picked":["Dodge and Roll","Dagger Spray"],"picked":"Dash","floor":11},{"not_picked":["Well Laid Plans","Sucker Punch","Poisoned Stab"],"picked":"SKIP","floor":13},{"not_picked":["Flechettes","Quick Slash","Finisher"],"picked":"SKIP","floor":14},{"not_picked":["Venomology","Night Terror"],"picked":"Malaise","floor":16},{"not_picked":[],"picked":"Blade Dance","floor":18},{"not_picked":["Prepared"],"picked":"SKIP","floor":21},{"not_picked":["Acrobatics"],"picked":"SKIP","floor":23},{"not_picked":["Flying Knee"],"picked":"SKIP","floor":25},{"not_picked":["Dagger Spray"],"picked":"SKIP","floor":35},{"not_picked":["Choke"],"picked":"SKIP","floor":37},{"not_picked":["Well Laid Plans"],"picked":"SKIP","floor":38},{"not_picked":[],"picked":"Blade Dance","floor":41},{"not_picked":["Flying Knee"],"picked":"SKIP","floor":42},{"not_picked":["Acrobatics"],"picked":"SKIP","floor":45},{"not_picked":["Dagger Spray+1"],"picked":"SKIP","floor":46}],"player_experience":1299326,"relics_obtained":[{"floor":6,"key":"Gambling Chip"},{"floor":9,"key":"Calipers"},{"floor":11,"key":"Ornamental Fan"},{"floor":14,"key":"HornCleat"},{"floor":23,"key":"InkBottle"},{"floor":26,"key":"Kunai"},{"floor":41,"key":"Potion Belt"},{"floor":43,"key":"Gremlin Horn"},{"floor":46,"key":"Smiling Mask"}],"event_choices":[{"damage_healed":0,"gold_gain":0,"player_choice":"Success","damage_taken":18,"relics_obtained":["Sundial"],"max_hp_gain":0,"max_hp_loss":0,"event_name":"Scrap Ooze","floor":8,"gold_loss":0},{"damage_healed":0,"gold_gain":0,"player_choice":"Smashed Altar","damage_taken":0,"max_hp_gain":0,"max_hp_loss":0,"event_name":"Forgotten Altar","floor":19,"gold_loss":0,"cards_obtained":["Decay"]},{"damage_healed":0,"gold_gain":0,"player_choice":"Ignored","damage_taken":0,"max_hp_gain":0,"max_hp_loss":0,"event_name":"Ghosts","floor":20,"gold_loss":0},{"damage_healed":0,"gold_gain":0,"player_choice":"Paid Fearfully","damage_taken":0,"max_hp_gain":0,"max_hp_loss":0,"event_name":"Masked Bandits","floor":27,"gold_loss":159},{"damage_healed":0,"gold_gain":0,"cards_transformed":["Strike_G","Strike_G"],"player_choice":"Became Test Subject","damage_taken":0,"max_hp_gain":0,"max_hp_loss":0,"event_name":"Drug Dealer","floor":31,"gold_loss":0,"cards_obtained":["Endless Agony","Deflect"]},{"damage_healed":0,"gold_gain":0,"player_choice":"Bought 2 Potions","damage_taken":0,"max_hp_gain":0,"max_hp_loss":0,"event_name":"The Woman in Blue","floor":36,"gold_loss":0},{"damage_healed":0,"gold_gain":0,"player_choice":"Paid","damage_taken":0,"relics_obtained":["Red Mask"],"max_hp_gain":0,"max_hp_loss":0,"event_name":"Tomb of Lord Red Mask","floor":39,"gold_loss":88},{"damage_healed":0,"gold_gain":0,"player_choice":"Ignored","damage_taken":0,"max_hp_gain":0,"max_hp_loss":0,"event_name":"Mysterious Sphere","floor":47,"gold_loss":0}],"is_beta":false,"boss_relics":[{"not_picked":["Ring of the Serpent","Ectoplasm"],"picked":"Busted Crown"},{"not_picked":["HoveringKite","Runic Pyramid"],"picked":"WristBlade"}],"items_purged_floors":[22],"is_endless":false,"potions_floor_spawned":[3,6,11,13,14,23,37,41,42],"ascension_level":15}