{"gold_per_floor":[112,112,112,37,55,86,86,86,109,150,164,204,225,243,243,243],"floor_reached":16,"playtime":409,"items_purged":["Regret"],"score":268,"play_id":"2f74af84-342a-4035-a17a-271b48490444","local_time":"20210325141948","is_ascension_mode":true,"campfire_choices":[{"data":"All Out Attack","floor":8,"key":"SMITH"},{"floor":15,"key":"REST"}],"neow_cost":"NONE","seed_source_timestamp":212577634778100,"circlet_count":0,"master_deck":["AscendersBane","Strike_G","Strike_G","Strike_G","Strike_G","Defend_G","Defend_G","Defend_G","Defend_G","Defend_G","Survivor","Neutralize","Accuracy","Injury","Choke","Adrenaline","All Out Attack+1","Dodge and Roll","Escape Plan","Backstab","A Thousand Cuts"],"relics":["Ring of the Snake","NeowsBlessing","Oddly Smooth Stone","Golden Idol","Dream Catcher","Toy Ornithopter","Letter Opener","Calipers"],"potions_floor_usage":[12,16,16],"damage_taken":[{"damage":0,"enemies":"2 Louse","floor":1,"turns":1},{"damage":0,"enemies":"Small Slimes","floor":5,"turns":2},{"damage":0,"enemies":"Gremlin Nob","floor":6,"turns":1},{"damage":39,"enemies":"Lagavulin","floor":10,"turns":10},{"damage":0,"enemies":"Cultist","floor":11,"turns":3},{"damage":5,"enemies":"Gremlin Nob","floor":12,"turns":3},{"damage":0,"enemies":"Gremlin Gang","floor":13,"turns":1},{"damage":0,"enemies":"Large Slime","floor":14,"turns":4},{"damage":62,"enemies":"Slime Boss","floor":16,"turns":9}],"seed_played":"7336089254293366377","potions_obtained":[{"floor":10,"key":"FearPotion"},{"floor":11,"key":"Regen Potion"},{"floor":13,"key":"Fire Potion"}],"is_trial":false,"path_per_floor":["M","?","?","$","M","E","?","R","T","E","M","E","M","M","R","B"],"character_chosen":"THE_SILENT","items_purchased":[],"campfire_rested":1,"item_purchase_floors":[],"current_hp_per_floor":[59,59,59,59,59,59,59,59,59,20,20,20,20,20,39,0],"gold":243,"neow_bonus":"THREE_ENEMY_KILL","is_prod":false,"is_daily":false,"chose_seed":false,"campfire_upgraded":1,"win_rate":0,"timestamp":1616696388,"path_taken":["M","?","?","$","M","E","?","R","T","E","M","E","M","M","R","BOSS"],"build_version":"2020-12-22","purchased_purges":1,"victory":false,"max_hp_per_floor":[66,66,66,66,66,66,66,66,66,66,66,66,66,66,66,66],"card_choices":[{"not_picked":["Bane","Underhanded Strike"],"picked":"Accuracy","floor":1},{"not_picked":["Deadly Poison","Prepared"],"picked":"Choke","floor":5},{"not_picked":["Calculated Gamble","Backflip"],"picked":"Adrenaline","floor":6},{"not_picked":["Concentrate","Dagger Spray"],"picked":"Dodge and Roll","floor":10},{"not_picked":["Underhanded Strike","Noxious Fumes"],"picked":"Escape Plan","floor":11},{"not_picked":["Dagger Spray","Slice"],"picked":"Backstab","floor":12},{"not_picked":["Deadly Poison","Calculated Gamble","Dodge and Roll"],"picked":"SKIP","floor":13},{"not_picked":["Slice","Deflect","Dodge and Roll"],"picked":"SKIP","floor":14},{"not_picked":["Quick Slash","Blur"],"picked":"A Thousand Cuts","floor":15}],"player_experience":1329334,"relics_obtained":[{"floor":6,"key":"Dream Catcher"},{"floor":9,"key":"Toy Ornithopter"},{"floor":10,"key":"Letter Opener"},{"floor":12,"key":"Calipers"}],"event_choices":[{"damage_healed":0,"gold_gain":0,"player_choice":"Box","damage_taken":0,"relics_obtained":["Oddly Smooth Stone"],"max_hp_gain":0,"max_hp_loss":0,"event_name":"Big Fish","floor":2,"gold_loss":0,"cards_obtained":["Regret"]},{"damage_healed":0,"gold_gain":0,"player_choice":"Take Wound","damage_taken":0,"relics_obtained":["Golden Idol"],"max_hp_gain":0,"max_hp_loss":0,"event_name":"Golden Idol","floor":3,"gold_loss":0,"cards_obtained":["Injury"]},{"damage_healed":0,"gold_gain":0,"cards_transformed":["Strike_G"],"player_choice":"Transformed","damage_taken":0,"max_hp_gain":0,"max_hp_loss":0,"event_name":"Transmorgrifier","floor":7,"gold_loss":0,"cards_obtained":["All Out Attack"]}],"is_beta":false,"boss_relics":[],"items_purged_floors":[4],"is_endless":false,"potions_floor_spawned":[10,11,13],"killed_by":"Slime Boss","ascension_level":17}