{"gold_per_floor":[12,27,27,27,51,51,82,95,122,122,81,116,139,155,155,254,254,273,291,291,181,200,243,32,32],"floor_reached":25,"playtime":1693,"items_purged":["Strike_G"],"score":430,"play_id":"c8dfea6c-99f0-43a0-b6ac-0f60b97f576a","local_time":"20210320231844","is_ascension_mode":true,"campfire_choices":[{"data":"Dash","floor":6,"key":"SMITH"},{"data":"Neutralize","floor":10,"key":"SMITH"},{"data":"Skewer","floor":15,"key":"SMITH"}],"neow_cost":"NO_GOLD","seed_source_timestamp":26311847555400,"circlet_count":0,"master_deck":["AscendersBane","Strike_G","Strike_G","Defend_G","Defend_G","Defend_G","Defend_G","Survivor+1","Neutralize+1","Dash+1","Cloak And Dagger","Masterful Stab","Skewer+1","Die Die Die","CurseOfTheBell","Accuracy","Escape Plan+1","Footwork"],"relics":["Ring of the Snake","Bloody Idol","Spirit Poop","Vajra","Anchor","Art of War","Calling Bell","Nunchaku","Darkstone Periapt","FossilizedHelix","CeramicFish","Membership Card"],"potions_floor_usage":[8,12,22,23],"damage_taken":[{"damage":2,"enemies":"Jaw Worm","floor":1,"turns":4},{"damage":1,"enemies":"Cultist","floor":2,"turns":4},{"damage":0,"enemies":"2 Louse","floor":5,"turns":3},{"damage":9,"enemies":"3 Sentries","floor":7,"turns":11},{"damage":0,"enemies":"Exordium Thugs","floor":8,"turns":3},{"damage":4,"enemies":"Lagavulin","floor":12,"turns":5},{"damage":1,"enemies":"Large Slime","floor":13,"turns":5},{"damage":0,"enemies":"3 Louse","floor":14,"turns":2},{"damage":28,"enemies":"Hexaghost","floor":16,"turns":14},{"damage":0,"enemies":"Chosen","floor":18,"turns":4},{"damage":18,"enemies":"3 Byrds","floor":19,"turns":8},{"damage":28,"enemies":"Sentry and Sphere","floor":22,"turns":9},{"damage":7,"enemies":"Slavers","floor":23,"turns":5},{"damage":22,"enemies":"Book of Stabbing","floor":25,"turns":3}],"seed_played":"2691337616983027159","potions_obtained":[{"floor":5,"key":"Poison Potion"},{"floor":7,"key":"Explosive Potion"},{"floor":14,"key":"Ancient Potion"},{"floor":18,"key":"Block Potion"},{"floor":22,"key":"ColorlessPotion"}],"is_trial":false,"path_per_floor":["M","M","?","?","M","R","E","M","T","R","$","E","M","M","R","B",null,"M","M","?","?","M","E","$","E"],"character_chosen":"THE_SILENT","items_purchased":["Skewer","Membership Card","Footwork"],"campfire_rested":0,"item_purchase_floors":[11,24,24],"current_hp_per_floor":[57,56,56,56,56,56,47,47,47,47,47,43,42,42,42,14,53,53,35,35,35,12,15,20,0],"gold":32,"neow_bonus":"REMOVE_TWO","is_prod":false,"is_daily":false,"chose_seed":false,"campfire_upgraded":3,"win_rate":0,"timestamp":1616296724,"path_taken":["M","M","?","?","M","R","E","M","T","R","$","E","?","M","R","BOSS","M","M","?","?","?","E","$","E"],"build_version":"2020-12-22","purchased_purges":1,"victory":false,"max_hp_per_floor":[66,66,66,66,66,66,66,66,66,66,66,66,66,66,66,66,66,66,66,66,66,66,66,66,66],"card_choices":[{"not_picked":["Acrobatics","Underhanded Strike"],"picked":"Dash","floor":1},{"not_picked":["Concentrate","Slice"],"picked":"Cloak And Dagger","floor":2},{"not_picked":["Expertise","Noxious Fumes"],"picked":"Masterful Stab","floor":5},{"not_picked":["Flying Knee","Sucker Punch","Dash"],"picked":"SKIP","floor":7},{"not_picked":["Sucker Punch","Well Laid Plans","Poisoned Stab"],"picked":"SKIP","floor":8},{"not_picked":["Reflex","Sucker Punch","Endless Agony"],"picked":"SKIP","floor":12},{"not_picked":["Well Laid Plans","Catalyst","Quick Slash"],"picked":"SKIP","floor":13},{"not_picked":["Deadly Poison","Infinite Blades"],"picked":"Die Die Die","floor":14},{"not_picked":["Prepared","Underhanded Strike","Sucker Punch"],"picked":"SKIP","floor":18},{"not_picked":["Dagger Spray","Escape Plan"],"picked":"Accuracy","floor":19},{"not_picked":["Deadly Poison","Skewer","Distraction"],"picked":"SKIP","floor":22},{"not_picked":["Sucker Punch","Caltrops"],"picked":"Escape Plan+1","floor":23}],"player_experience":1327230,"relics_obtained":[{"floor":7,"key":"Vajra"},{"floor":9,"key":"Anchor"},{"floor":12,"key":"Art of War"},{"floor":17,"key":"Nunchaku"},{"floor":17,"key":"Darkstone Periapt"},{"floor":17,"key":"FossilizedHelix"},{"floor":23,"key":"CeramicFish"}],"event_choices":[{"damage_healed":0,"gold_gain":0,"player_choice":"Take Wound","damage_taken":0,"relics_obtained":["Golden Idol"],"max_hp_gain":0,"max_hp_loss":0,"event_name":"Golden Idol","floor":3,"gold_loss":0,"cards_obtained":["Injury"]},{"cards_removed":["Injury"],"damage_healed":0,"gold_gain":0,"player_choice":"Offered Curse","damage_taken":0,"relics_obtained":["Spirit Poop"],"max_hp_gain":0,"max_hp_loss":0,"event_name":"Bonfire Elementals","floor":4,"gold_loss":0},{"damage_healed":0,"gold_gain":0,"player_choice":"Gave Idol","damage_taken":0,"relics_obtained":["Bloody Idol"],"max_hp_gain":0,"max_hp_loss":0,"event_name":"Forgotten Altar","floor":20,"relics_lost":["Golden Idol"],"gold_loss":0},{"cards_removed":["Strike_G"],"damage_healed":0,"gold_gain":0,"player_choice":"Upgrade and Remove","damage_taken":0,"max_hp_gain":0,"max_hp_loss":0,"event_name":"Designer","floor":21,"gold_loss":110,"cards_upgraded":["Survivor"]}],"is_beta":false,"boss_relics":[{"not_picked":["Empty Cage","Ectoplasm"],"picked":"Calling Bell"}],"items_purged_floors":[24],"is_endless":false,"potions_floor_spawned":[5,7,14,18,22],"killed_by":"Book of Stabbing","ascension_level":17}