{"gold_per_floor":[118,393,31,42,42,75,75,75,75,106,106,122,142,172,172,245,245,264,264,264,264,314,333,333,333],"floor_reached":25,"playtime":871,"items_purged":["Regret"],"score":485,"play_id":"dd2f9845-5176-4a74-aa17-80167d881b48","local_time":"20210327003658","is_ascension_mode":true,"campfire_choices":[{"data":"Neutralize","floor":8,"key":"SMITH"},{"floor":15,"key":"REST"},{"floor":24,"key":"REST"}],"neow_cost":"NONE","seed_source_timestamp":335556404433600,"circlet_count":0,"master_deck":["AscendersBane","Defend_G","Defend_G","Defend_G","Defend_G","Defend_G","Survivor","Neutralize+1","Dagger Throw","Dagger Spray","Backstab","Choke","Heel Hook","Heel Hook","Grand Finale","Prepared","Bite","Bite","Bite","Bite","Bite","Writhe","Acrobatics","Terror"],"relics":["Ring of the Snake","NeowsBlessing","White Beast Statue","Matryoshka","Bronze Scales","InkBottle","The Courier","Singing Bowl","SlaversCollar","Smiling Mask"],"potions_floor_usage":[10,10,13,16,25],"damage_taken":[{"damage":0,"enemies":"Jaw Worm","floor":1,"turns":1},{"damage":0,"enemies":"Cultist","floor":4,"turns":1},{"damage":0,"enemies":"3 Sentries","floor":6,"turns":1},{"damage":22,"enemies":"Lagavulin","floor":10,"turns":5},{"damage":0,"enemies":"2 Louse","floor":12,"turns":2},{"damage":0,"enemies":"Looter","floor":13,"turns":1},{"damage":26,"enemies":"Gremlin Nob","floor":14,"turns":4},{"damage":32,"enemies":"The Guardian","floor":16,"turns":15},{"damage":6,"enemies":"3 Byrds","floor":18,"turns":3},{"damage":52,"enemies":"Chosen","floor":23,"turns":7},{"damage":24,"enemies":"Snake Plant","floor":25,"turns":2}],"seed_played":"468088721194338766","potions_obtained":[{"floor":4,"key":"Strength Potion"},{"floor":6,"key":"Swift Potion"},{"floor":10,"key":"Dexterity Potion"},{"floor":11,"key":"Fire Potion"},{"floor":13,"key":"Regen Potion"},{"floor":16,"key":"Regen Potion"}],"is_trial":false,"path_per_floor":["M","?","$","M","$","E","$","R","T","E","?","M","M","E","R","B",null,"M","?","?","?","?","M","R","M"],"character_chosen":"THE_SILENT","items_purchased":["White Beast Statue"],"campfire_rested":2,"item_purchase_floors":[3],"current_hp_per_floor":[59,59,59,59,59,59,59,59,59,37,37,37,37,11,30,13,53,47,46,46,46,46,4,17,0],"gold":333,"neow_bonus":"THREE_ENEMY_KILL","is_prod":false,"is_daily":false,"chose_seed":false,"campfire_upgraded":1,"win_rate":0,"timestamp":1616819818,"path_taken":["M","?","$","M","$","E","?","R","T","E","?","?","M","E","R","BOSS","M","?","?","?","?","M","R","M"],"build_version":"2020-12-22","purchased_purges":1,"victory":false,"max_hp_per_floor":[66,66,66,66,66,66,66,66,66,66,66,66,66,66,66,66,66,66,46,46,46,46,46,46,46],"card_choices":[{"not_picked":["Quick Slash","Prepared"],"picked":"Dagger Throw","floor":1},{"not_picked":["Slice","Deflect"],"picked":"Dagger Spray","floor":4},{"not_picked":["Noxious Fumes","Tools of the Trade"],"picked":"Backstab","floor":6},{"not_picked":["Infinite Blades","PiercingWail"],"picked":"Choke","floor":10},{"not_picked":["Blade Dance","Sucker Punch"],"picked":"Heel Hook","floor":12},{"not_picked":["Deflect","Outmaneuver","Poisoned Stab"],"picked":"SKIP","floor":13},{"not_picked":["Endless Agony","Dodge and Roll"],"picked":"Heel Hook","floor":14},{"not_picked":["Storm of Steel","Tools of the Trade"],"picked":"Grand Finale","floor":16},{"not_picked":["Cloak And Dagger","Underhanded Strike"],"picked":"Prepared","floor":18},{"not_picked":["Underhanded Strike","PiercingWail"],"picked":"Terror","floor":23}],"player_experience":1339778,"relics_obtained":[{"floor":6,"key":"Matryoshka"},{"floor":9,"key":"Bronze Scales"},{"floor":9,"key":"InkBottle"},{"floor":10,"key":"The Courier"},{"floor":14,"key":"Singing Bowl"}],"event_choices":[{"damage_healed":0,"gold_gain":275,"player_choice":"Desecrate","damage_taken":0,"max_hp_gain":0,"max_hp_loss":0,"event_name":"Golden Shrine","floor":2,"gold_loss":0,"cards_obtained":["Regret"]},{"damage_healed":0,"gold_gain":0,"player_choice":"Got Potions","damage_taken":0,"max_hp_gain":0,"max_hp_loss":0,"event_name":"Lab","floor":11,"gold_loss":0},{"damage_healed":0,"gold_gain":0,"player_choice":"Became a vampire","damage_taken":0,"max_hp_gain":0,"max_hp_loss":20,"event_name":"Vampires","floor":19,"gold_loss":0,"cards_obtained":["Bite","Bite","Bite","Bite","Bite"]},{"damage_healed":0,"gold_gain":0,"player_choice":"Opened","damage_taken":0,"relics_obtained":["Smiling Mask"],"max_hp_gain":0,"max_hp_loss":0,"event_name":"The Mausoleum","floor":20,"gold_loss":0,"cards_obtained":["Writhe"]},{"damage_healed":0,"gold_gain":0,"player_choice":"Read","damage_taken":0,"max_hp_gain":0,"max_hp_loss":0,"event_name":"The Library","floor":21,"gold_loss":0,"cards_obtained":["Acrobatics"]},{"damage_healed":0,"gold_gain":50,"player_choice":"Stole From Cult","damage_taken":0,"max_hp_gain":0,"max_hp_loss":0,"event_name":"Nest","floor":22,"gold_loss":0}],"is_beta":false,"boss_relics":[{"not_picked":["Snecko Eye","Coffee Dripper"],"picked":"SlaversCollar"}],"items_purged_floors":[3],"is_endless":false,"potions_floor_spawned":[4,6,10,12,13,14,16,18,23],"killed_by":"Snake Plant","ascension_level":18}