{"gold_per_floor":[15,15,15,28,44,44,64,64,64,96,96,130,130,140,140,216,216,226,246,161,177,127,158,158,168,168,179,98,126,126,126],"floor_reached":31,"playtime":2418,"items_purged":[],"score":542,"play_id":"6d9f1aa8-b4c2-43be-b98a-87813704ff79","local_time":"20210326131747","is_ascension_mode":true,"campfire_choices":[{"data":"Neutralize","floor":6,"key":"SMITH"},{"data":"Footwork","floor":8,"key":"SMITH"},{"floor":11,"key":"DIG"},{"floor":15,"key":"REST"},{"floor":24,"key":"REST"},{"floor":30,"key":"REST"}],"neow_cost":"NO_GOLD","seed_source_timestamp":293246501379700,"circlet_count":0,"master_deck":["AscendersBane","Strike_G","Strike_G","Defend_G","Defend_G","Defend_G","Defend_G","Survivor","Neutralize+1","Dodge and Roll","Accuracy","Infinite Blades","Sucker Punch","Footwork+1","Tools of the Trade","Dagger Spray","Blade Dance","A Thousand Cuts","Accuracy","Finisher","Escape Plan","Blur","Venomology"],"relics":["Ring of the Snake","Matryoshka","Toy Ornithopter","Blood Vial","Shovel","InkBottle","Bag of Preparation","Empty Cage","Paper Crane","Strawberry","Potion Belt","Pear","Pantograph"],"potions_floor_usage":[10,16,19,23,29,29,29],"damage_taken":[{"damage":0,"enemies":"Cultist","floor":1,"turns":5},{"damage":11,"enemies":"Jaw Worm","floor":4,"turns":8},{"damage":1,"enemies":"Small Slimes","floor":5,"turns":4},{"damage":9,"enemies":"3 Louse","floor":7,"turns":4},{"damage":10,"enemies":"Lagavulin","floor":10,"turns":9},{"damage":35,"enemies":"Gremlin Nob","floor":12,"turns":6},{"damage":2,"enemies":"Blue Slaver","floor":14,"turns":6},{"damage":4,"enemies":"The Guardian","floor":16,"turns":9},{"damage":2,"enemies":"Chosen","floor":18,"turns":6},{"damage":7,"enemies":"3 Byrds","floor":19,"turns":6},{"damage":18,"enemies":"Snecko","floor":21,"turns":7},{"damage":47,"enemies":"Book of Stabbing","floor":23,"turns":7},{"damage":19,"enemies":"Centurion and Healer","floor":25,"turns":8},{"damage":11,"enemies":"Snake Plant","floor":27,"turns":7},{"damage":25,"enemies":"Gremlin Leader","floor":29,"turns":6},{"damage":61,"enemies":"Slavers","floor":31,"turns":4}],"seed_played":"7447140603046599809","potions_obtained":[{"floor":5,"key":"EssenceOfSteel"},{"floor":7,"key":"FairyPotion"},{"floor":12,"key":"PowerPotion"},{"floor":18,"key":"SkillPotion"},{"floor":19,"key":"SneckoOil"},{"floor":25,"key":"Strength Potion"},{"floor":27,"key":"ColorlessPotion"}],"is_trial":false,"path_per_floor":["M","$","?","M","M","R","M","R","T","E","R","E","?","M","R","B",null,"M","M","?","M","?","E","R","M","T","M","$","E","R","E"],"character_chosen":"THE_SILENT","items_purchased":["Venomology"],"campfire_rested":3,"item_purchase_floors":[28],"current_hp_per_floor":[59,59,59,48,47,47,38,38,38,35,35,2,2,2,21,24,56,56,56,56,40,40,26,47,30,40,31,31,23,47,0],"gold":126,"neow_bonus":"TRANSFORM_TWO_CARDS","is_prod":false,"is_daily":false,"chose_seed":false,"campfire_upgraded":2,"win_rate":0,"timestamp":1616779067,"path_taken":["M","?","?","M","?","R","M","R","T","E","R","E","?","M","R","BOSS","M","M","?","M","?","E","R","M","T","M","$","E","R","E"],"build_version":"2020-12-22","purchased_purges":0,"victory":false,"max_hp_per_floor":[66,66,66,66,66,66,66,66,66,66,66,66,66,66,66,66,66,66,66,66,66,66,73,73,73,83,83,83,83,83,83],"card_choices":[{"not_picked":["Acrobatics","Riddle With Holes"],"picked":"Accuracy","floor":1},{"not_picked":["Reflex","Dagger Throw"],"picked":"Infinite Blades","floor":4},{"not_picked":["Catalyst","Deflect"],"picked":"Sucker Punch","floor":5},{"not_picked":["Flying Knee","Tactician"],"picked":"Footwork","floor":7},{"not_picked":["Setup","Noxious Fumes"],"picked":"Tools of the Trade","floor":10},{"not_picked":["Quick Slash","Riddle With Holes"],"picked":"Dagger Spray","floor":12},{"not_picked":["Slice","Dodge and Roll"],"picked":"Blade Dance","floor":14},{"not_picked":["Envenom","Grand Finale"],"picked":"A Thousand Cuts","floor":16},{"not_picked":["Quick Slash","Backflip"],"picked":"Accuracy","floor":18},{"not_picked":["Dagger Spray","Skewer","Dagger Throw"],"picked":"SKIP","floor":19},{"not_picked":["Footwork","Predator"],"picked":"Finisher","floor":21},{"not_picked":["Underhanded Strike","Dagger Spray+1","Slice"],"picked":"SKIP","floor":23},{"not_picked":["Bane","Dagger Spray"],"picked":"Escape Plan","floor":25},{"not_picked":["Bullet Time","Flying Knee"],"picked":"Blur","floor":27},{"not_picked":["Glass Knife","Predator","Dagger Throw"],"picked":"SKIP","floor":29}],"player_experience":1334427,"relics_obtained":[{"floor":9,"key":"Toy Ornithopter"},{"floor":9,"key":"Blood Vial"},{"floor":10,"key":"Shovel"},{"floor":11,"key":"InkBottle"},{"floor":12,"key":"Bag of Preparation"},{"floor":23,"key":"Strawberry"},{"floor":26,"key":"Potion Belt"},{"floor":26,"key":"Pear"},{"floor":29,"key":"Pantograph"}],"event_choices":[{"cards_removed":["Doppelganger"],"damage_healed":0,"gold_gain":0,"player_choice":"Gave Card","damage_taken":0,"relics_obtained":["Matryoshka"],"max_hp_gain":0,"max_hp_loss":0,"event_name":"WeMeetAgain","floor":3,"gold_loss":0},{"damage_healed":0,"gold_gain":0,"player_choice":"Ignored","damage_taken":0,"max_hp_gain":0,"max_hp_loss":0,"event_name":"Liars Game","floor":13,"gold_loss":0},{"damage_healed":0,"gold_gain":0,"player_choice":"Obtained Relic","damage_taken":0,"relics_obtained":["Paper Crane"],"max_hp_gain":0,"max_hp_loss":0,"event_name":"Addict","floor":20,"gold_loss":85},{"damage_healed":0,"gold_gain":0,"player_choice":"Bet on Murderer","damage_taken":0,"max_hp_gain":0,"max_hp_loss":0,"event_name":"The Joust","floor":22,"gold_loss":50}],"is_beta":false,"boss_relics":[{"not_picked":["Ectoplasm","Pandora\u0027s Box"],"picked":"Empty Cage"}],"items_purged_floors":[],"is_endless":false,"potions_floor_spawned":[5,7,12,14,18,19,25,27],"killed_by":"Slavers","ascension_level":18}