{"gold_per_floor":[12,22,22,42,117,152,152,185,185,24,52,52,85,85,85,157,157,173,185,185,185,31,31,31,31,103,136,61,73,102,202,202,273,273,290,304,304,133,133,133,163,163,212,232,232,264,47,81,81,81],"floor_reached":51,"playtime":1966,"items_purged":["Pain","Writhe"],"score":1581,"play_id":"f016e85e-d1c6-48f4-8f27-c8f75b84338c","local_time":"20210318144731","is_ascension_mode":true,"campfire_choices":[{"floor":7,"key":"REST"},{"data":"Glass Knife","floor":15,"key":"SMITH"},{"data":"Corpse Explosion","floor":23,"key":"SMITH"},{"data":"Noxious Fumes","floor":32,"key":"SMITH"},{"data":"Bouncing Flask","floor":40,"key":"SMITH"},{"data":"Choke","floor":45,"key":"SMITH"},{"data":"Terror","floor":49,"key":"SMITH"}],"neow_cost":"NO_GOLD","seed_source_timestamp":10377225205600,"circlet_count":0,"master_deck":["AscendersBane","Strike_G+1","Strike_G+1","Defend_G+1","Defend_G+1","Defend_G+1","Defend_G+1","Survivor","Neutralize","Bouncing Flask+1","Glass Knife+1","Masterful Stab","Escape Plan","Backflip","Terror+1","Backstab","Corpse Explosion+1","Acrobatics+1","Noxious Fumes+1","Crippling Poison+1","Leg Sweep+1","Tools of the Trade","Catalyst+1","Masterful Stab+1","Catalyst+1","Choke+1","Backstab+1"],"relics":["Ring of the Snake","Thread and Needle","Mercury Hourglass","Gremlin Horn","HandDrill","Nunchaku","WarpedTongs","Juzu Bracelet","Velvet Choker","MutagenicStrength","Smiling Mask","Toxic Egg 2","MealTicket","Red Mask","Bird Faced Urn","Bottled Tornado","Black Star","DollysMirror","HornCleat","PreservedInsect","Blood Vial","Darkstone Periapt","Prayer Wheel","Vajra","Ancient Tea Set","Meat on the Bone"],"potions_floor_usage":[11,11,33,33,50,50],"damage_taken":[{"damage":3,"enemies":"Small Slimes","floor":1,"turns":4},{"damage":0,"enemies":"2 Louse","floor":2,"turns":2},{"damage":1,"enemies":"Cultist","floor":4,"turns":3},{"damage":21,"enemies":"Gremlin Nob","floor":6,"turns":4},{"damage":10,"enemies":"Lagavulin","floor":8,"turns":6},{"damage":0,"enemies":"3 Sentries","floor":11,"turns":4},{"damage":18,"enemies":"Lagavulin","floor":13,"turns":4},{"damage":19,"enemies":"Hexaghost","floor":16,"turns":8},{"damage":2,"enemies":"Spheric Guardian","floor":18,"turns":3},{"damage":0,"enemies":"3 Byrds","floor":19,"turns":2},{"damage":0,"enemies":"Slavers","floor":27,"turns":3},{"damage":0,"enemies":"Centurion and Healer","floor":29,"turns":2},{"damage":0,"enemies":"Masked Bandits","floor":30,"turns":2},{"damage":0,"enemies":"Colosseum Slavers","floor":31,"turns":1},{"damage":11,"enemies":"Colosseum Nobs","floor":31,"turns":3},{"damage":31,"enemies":"Champ","floor":33,"turns":9},{"damage":0,"enemies":"3 Darklings","floor":35,"turns":4},{"damage":0,"enemies":"3 Shapes","floor":36,"turns":2},{"damage":13,"enemies":"Nemesis","floor":41,"turns":5},{"damage":12,"enemies":"Jaw Worm Horde","floor":44,"turns":3},{"damage":5,"enemies":"Giant Head","floor":46,"turns":5},{"damage":0,"enemies":"Nemesis","floor":48,"turns":3},{"damage":63,"enemies":"Awakened One","floor":50,"turns":15}],"seed_played":"-1180894158319159678","potions_obtained":[{"floor":2,"key":"Regen Potion"},{"floor":4,"key":"Explosive Potion"},{"floor":13,"key":"FearPotion"},{"floor":16,"key":"Block Potion"},{"floor":33,"key":"Poison Potion"},{"floor":36,"key":"PowerPotion"}],"is_trial":false,"path_per_floor":["M","M","?","M","?","E","R","E","T","$","E","?","E","?","R","B",null,"M","M","?","?","$","R","T","?","T","E","?","M","?","?","R","B",null,"M","M","?","$","$","R","E","?","T","M","R","E","$","E","R","B",null],"character_chosen":"THE_SILENT","items_purchased":["HandDrill","Noxious Fumes","DollysMirror","Vajra"],"campfire_rested":1,"item_purchase_floors":[10,22,38,47],"current_hp_per_floor":[56,56,56,55,44,23,42,32,32,32,44,44,26,48,48,29,57,55,55,55,55,55,55,55,55,55,55,55,55,55,44,44,15,53,57,57,57,66,66,66,55,66,66,54,54,55,66,66,66,15],"gold":81,"neow_bonus":"TRANSFORM_TWO_CARDS","is_prod":false,"is_daily":false,"chose_seed":false,"campfire_upgraded":6,"win_rate":0,"timestamp":1616093251,"path_taken":["M","M","?","M","?","E","R","E","T","$","E","?","E","?","R","BOSS","M","M","?","?","$","R","?","?","T","E","?","M","?","?","R","BOSS","M","M","?","?","$","R","E","?","T","M","R","E","$","E","R","BOSS"],"build_version":"2020-12-22","purchased_purges":2,"victory":true,"max_hp_per_floor":[66,66,66,66,66,66,66,66,66,66,66,66,66,66,66,66,66,66,66,66,66,66,66,66,66,66,66,66,66,66,66,66,66,66,66,66,66,66,66,66,66,66,66,66,66,66,66,66,66,66],"card_choices":[{"not_picked":["Deadly Poison","Flying Knee"],"picked":"Masterful Stab","floor":1},{"not_picked":["Sucker Punch","Blade Dance"],"picked":"Escape Plan","floor":2},{"not_picked":["Acrobatics","Infinite Blades","Calculated Gamble"],"picked":"SKIP","floor":4},{"not_picked":["Blade Dance","Skewer"],"picked":"Backflip","floor":6},{"not_picked":["Flying Knee","Bouncing Flask"],"picked":"Terror","floor":8},{"not_picked":["Expertise","Distraction","Terror"],"picked":"SKIP","floor":11},{"not_picked":["Deflect","Eviscerate"],"picked":"Backstab","floor":13},{"not_picked":["Night Terror","Glass Knife"],"picked":"Corpse Explosion","floor":16},{"not_picked":["Terror","Dagger Throw","Flying Knee"],"picked":"SKIP","floor":18},{"not_picked":["Deflect","Accuracy"],"picked":"Acrobatics+1","floor":19},{"not_picked":["Riddle With Holes","Dodge and Roll+1"],"picked":"Crippling Poison+1","floor":27},{"not_picked":["Skewer","Cloak And Dagger+1"],"picked":"Leg Sweep+1","floor":29},{"not_picked":["Doppelganger+1","Wraith Form v2"],"picked":"Tools of the Trade","floor":33},{"not_picked":["Deflect+1","Bane"],"picked":"Catalyst+1","floor":35},{"not_picked":["Backflip+1","Slice"],"picked":"Masterful Stab+1","floor":36},{"not_picked":["Blade Dance+1","Underhanded Strike"],"picked":"Choke","floor":41},{"not_picked":["Flying Knee","Tools of the Trade","Quick Slash"],"picked":"SKIP","floor":44},{"not_picked":["Underhanded Strike","Noxious Fumes"],"picked":"Backstab+1","floor":46},{"not_picked":["Well Laid Plans","Flechettes","Sucker Punch"],"picked":"SKIP","floor":48}],"player_experience":1321976,"relics_obtained":[{"floor":6,"key":"Thread and Needle"},{"floor":8,"key":"Mercury Hourglass"},{"floor":9,"key":"Gremlin Horn"},{"floor":11,"key":"Nunchaku"},{"floor":13,"key":"Juzu Bracelet"},{"floor":24,"key":"Smiling Mask"},{"floor":26,"key":"Toxic Egg 2"},{"floor":27,"key":"MealTicket"},{"floor":30,"key":"Red Mask"},{"floor":31,"key":"Bird Faced Urn"},{"floor":31,"key":"Bottled Tornado"},{"floor":41,"key":"HornCleat"},{"floor":41,"key":"PreservedInsect"},{"floor":43,"key":"Blood Vial"},{"floor":46,"key":"Darkstone Periapt"},{"floor":46,"key":"Prayer Wheel"},{"floor":48,"key":"Ancient Tea Set"},{"floor":48,"key":"Meat on the Bone"}],"event_choices":[{"damage_healed":0,"gold_gain":0,"cards_transformed":["Strike_G"],"player_choice":"Change","damage_taken":0,"max_hp_gain":0,"max_hp_loss":0,"event_name":"Living Wall","floor":3,"gold_loss":0,"cards_obtained":["Setup"]},{"damage_healed":0,"gold_gain":75,"player_choice":"Gather Gold","damage_taken":11,"max_hp_gain":0,"max_hp_loss":0,"event_name":"World of Goop","floor":5,"gold_loss":0},{"damage_healed":0,"gold_gain":0,"player_choice":"Rummage","damage_taken":0,"relics_obtained":["WarpedTongs"],"max_hp_gain":0,"max_hp_loss":0,"event_name":"Accursed Blacksmith","floor":12,"gold_loss":0,"cards_obtained":["Pain"]},{"damage_healed":22,"gold_gain":0,"player_choice":"Banana","damage_taken":0,"max_hp_gain":0,"max_hp_loss":0,"event_name":"Big Fish","floor":14,"gold_loss":0},{"damage_healed":0,"gold_gain":0,"player_choice":"Simplicity","damage_taken":0,"max_hp_gain":0,"max_hp_loss":0,"event_name":"Back to Basics","floor":20,"gold_loss":0,"cards_upgraded":["Strike_G","Strike_G","Strike_G","Defend_G","Defend_G","Defend_G","Defend_G"]},{"damage_healed":0,"gold_gain":0,"player_choice":"Inject Mutagens","damage_taken":0,"relics_obtained":["MutagenicStrength"],"max_hp_gain":0,"max_hp_loss":0,"event_name":"Drug Dealer","floor":21,"gold_loss":0},{"damage_healed":0,"gold_gain":0,"player_choice":"Ignored","damage_taken":0,"max_hp_gain":0,"max_hp_loss":0,"event_name":"Ghosts","floor":25,"gold_loss":0},{"cards_removed":["Strike_G"],"damage_healed":0,"gold_gain":0,"player_choice":"Gave Gold","damage_taken":0,"max_hp_gain":0,"max_hp_loss":0,"event_name":"Beggar","floor":28,"gold_loss":75},{"damage_healed":0,"gold_gain":0,"player_choice":"Fought Bandits","damage_taken":0,"max_hp_gain":0,"max_hp_loss":0,"event_name":"Masked Bandits","floor":30,"gold_loss":0},{"damage_healed":0,"gold_gain":0,"player_choice":"Fight","damage_taken":0,"max_hp_gain":0,"max_hp_loss":0,"event_name":"Colosseum","floor":31,"gold_loss":0},{"damage_healed":0,"gold_gain":0,"player_choice":"Fought Nobs","damage_taken":0,"max_hp_gain":0,"max_hp_loss":0,"event_name":"Colosseum","floor":31,"gold_loss":0},{"cards_removed":["Setup"],"damage_healed":0,"gold_gain":0,"player_choice":"Purged","damage_taken":0,"max_hp_gain":0,"max_hp_loss":0,"event_name":"Purifier","floor":37,"gold_loss":0},{"damage_healed":13,"gold_gain":0,"player_choice":"Writhe","damage_taken":0,"max_hp_gain":0,"max_hp_loss":0,"event_name":"Winding Halls","floor":42,"gold_loss":0,"cards_obtained":["Writhe"]}],"is_beta":false,"boss_relics":[{"not_picked":["Tiny House","Astrolabe"],"picked":"Velvet Choker"},{"not_picked":["HoveringKite","Coffee Dripper"],"picked":"Black Star"}],"items_purged_floors":[22,47],"is_endless":false,"potions_floor_spawned":[2,4,13,16,19,29,30,33,36,46,48],"ascension_level":16}