{"gold_per_floor":[16,35,110,129,129,160,171,171,245,245,274,239,266,289,289,366,366,381,431,160,174,174,200,200,200,200,227,227,227],"floor_reached":29,"playtime":1585,"items_purged":[],"score":540,"play_id":"61868cda-6a57-4387-be73-1da10526af50","local_time":"20210409131602","is_ascension_mode":true,"campfire_choices":[{"floor":8.0,"key":"REST"},{"data":"Dagger Spray","floor":10.0,"key":"SMITH"},{"data":"Bouncing Flask","floor":15.0,"key":"SMITH"},{"floor":25,"key":"REST"},{"floor":28,"key":"REST"}],"neow_cost":"NO_GOLD","seed_source_timestamp":0,"circlet_count":0,"master_deck":["AscendersBane","Strike_G","Strike_G","Defend_G","Defend_G","Defend_G+1","Defend_G","Survivor","Neutralize","Dagger Throw","Masterful Stab+1","Dagger Spray+1","Deadly Poison","Backflip","Bouncing Flask+1","Poisoned Stab","Malaise","Footwork","Underhanded Strike","Expertise","Dagger Throw+1"],"special_seed":0,"relics":["Ring of the Snake","Du-Vu Doll","Pantograph","Bag of Preparation","Snake Skull","Odd Mushroom","HoveringKite","Eternal Feather","Boot","Question Card","InkBottle","Potion Belt"],"potions_floor_usage":[21,23],"damage_taken":[{"damage":6.0,"enemies":"Cultist","floor":1.0,"turns":5.0},{"damage":0.0,"enemies":"2 Louse","floor":2.0,"turns":2.0},{"damage":0.0,"enemies":"Small Slimes","floor":4.0,"turns":2.0},{"damage":16.0,"enemies":"Gremlin Nob","floor":6.0,"turns":4.0},{"damage":0.0,"enemies":"2 Fungi Beasts","floor":7.0,"turns":2.0},{"damage":24.0,"enemies":"Lagavulin","floor":11.0,"turns":6.0},{"damage":10.0,"enemies":"3 Sentries","floor":13.0,"turns":5.0},{"damage":2.0,"enemies":"The Mushroom Lair","floor":14.0,"turns":2.0},{"damage":13.0,"enemies":"Hexaghost","floor":16.0,"turns":6.0},{"damage":2,"enemies":"Shell Parasite","floor":18,"turns":5},{"damage":3,"enemies":"2 Thieves","floor":21,"turns":3},{"damage":44,"enemies":"Book of Stabbing","floor":23,"turns":7},{"damage":26,"enemies":"Slavers","floor":27,"turns":6},{"damage":43,"enemies":"Book of Stabbing","floor":29,"turns":4}],"seed_played":"9181570760484813665","potions_obtained":[{"floor":6.0,"key":"Weak Potion"},{"floor":7.0,"key":"ColorlessPotion"},{"floor":11.0,"key":"CunningPotion"},{"floor":16,"key":"EssenceOfSteel"},{"floor":18,"key":"SkillPotion"},{"floor":27,"key":"CultistPotion"}],"is_trial":false,"path_per_floor":["M","M","?","M","?","E","M","R","T","R","E","?","E","?","R","B",null,"M","?","$","M","?","E","T","R","T","E","R","E"],"character_chosen":"THE_SILENT","items_purchased":["Eternal Feather"],"campfire_rested":3,"item_purchase_floors":[20],"current_hp_per_floor":[53,53,42,42,22,6,6,25,25,25,1,17,7,5,5,17,54,52,52,52,49,49,5,5,36,36,10,41,0],"gold":227,"neow_bonus":"REMOVE_TWO","is_prod":false,"is_daily":false,"chose_seed":false,"campfire_upgraded":2,"win_rate":0,"timestamp":1617988562,"path_taken":["M","?","?","M","?","E","M","R","T","R","E","?","E","?","R","BOSS","BOSS","M","?","$","M","?","E","?","R","T","E","R","E"],"build_version":"2020-12-22","purchased_purges":0,"victory":false,"max_hp_per_floor":[66,66,66,66,66,66,66,66,66,66,66,66,66,66,66,66,66,66,66,66,66,66,66,66,66,66,66,66,66],"card_choices":[{"not_picked":["Sucker Punch","Prepared"],"picked":"Dagger Throw","floor":1.0},{"not_picked":["Outmaneuver","Flying Knee"],"picked":"Masterful Stab","floor":2.0},{"not_picked":["Underhanded Strike","Masterful Stab"],"picked":"Dagger Spray","floor":4.0},{"not_picked":["A Thousand Cuts","Sucker Punch"],"picked":"Deadly Poison","floor":6.0},{"not_picked":["Dagger Spray","Quick Slash"],"picked":"Backflip","floor":7.0},{"not_picked":["Slice","Backflip","Concentrate"],"picked":"SKIP","floor":11.0},{"not_picked":["Dagger Spray","Unload"],"picked":"Bouncing Flask","floor":13.0},{"not_picked":["Backflip","Cloak And Dagger"],"picked":"Poisoned Stab","floor":14.0},{"not_picked":["Unload","After Image"],"picked":"Malaise","floor":16},{"not_picked":["Dash+1","Prepared","Outmaneuver"],"picked":"SKIP","floor":18},{"not_picked":["Terror","PiercingWail"],"picked":"Footwork","floor":21},{"not_picked":["Well Laid Plans+1","Expertise+1"],"picked":"Dagger Throw+1","floor":23},{"not_picked":["Endless Agony+1","Storm of Steel","Dagger Throw","Deadly Poison"],"picked":"SKIP","floor":27}],"player_experience":1355784,"relics_obtained":[{"floor":6.0,"key":"Du-Vu Doll"},{"floor":9.0,"key":"Pantograph"},{"floor":11.0,"key":"Bag of Preparation"},{"floor":13.0,"key":"Snake Skull"},{"floor":14.0,"key":"Odd Mushroom"},{"floor":23,"key":"Boot"},{"floor":24,"key":"Question Card"},{"floor":26,"key":"InkBottle"},{"floor":27,"key":"Potion Belt"}],"event_choices":[{"damage_healed":0.0,"max_hp_gain":0.0,"max_hp_loss":0.0,"gold_gain":75.0,"event_name":"World of Goop","player_choice":"Gather Gold","floor":3.0,"gold_loss":0.0,"damage_taken":11.0},{"damage_healed":0.0,"max_hp_gain":0.0,"max_hp_loss":0.0,"gold_gain":0.0,"event_name":"Shining Light","player_choice":"Entered Light","floor":5.0,"gold_loss":0.0,"damage_taken":20.0,"cards_upgraded":["Defend_G","Masterful Stab"]},{"damage_healed":16.0,"max_hp_gain":0.0,"max_hp_loss":0.0,"gold_gain":0.0,"event_name":"The Cleric","player_choice":"Healed","floor":12.0,"gold_loss":35.0,"damage_taken":0.0},{"damage_healed":0.0,"max_hp_gain":0.0,"max_hp_loss":0.0,"gold_gain":0.0,"event_name":"Mushrooms","player_choice":"Fought Mushrooms","floor":14.0,"gold_loss":0.0,"damage_taken":0.0},{"damage_healed":0,"gold_gain":50,"player_choice":"Stole From Cult","damage_taken":0,"max_hp_gain":0,"max_hp_loss":0,"event_name":"Nest","floor":19,"gold_loss":0},{"damage_healed":0,"gold_gain":0,"cards_transformed":["Strike_G","Strike_G"],"player_choice":"Became Test Subject","damage_taken":0,"max_hp_gain":0,"max_hp_loss":0,"event_name":"Drug Dealer","floor":22,"gold_loss":0,"cards_obtained":["Underhanded Strike","Expertise"]}],"is_beta":false,"boss_relics":[{"not_picked":["Busted Crown","SacredBark"],"picked":"HoveringKite"}],"items_purged_floors":[],"is_endless":false,"potions_floor_spawned":[6,7,11,16,18,27],"killed_by":"Book of Stabbing","ascension_level":19}