{"gold_per_floor":[113,83,101,13,13,41,61,61,61,61,61,86,97,124,124,196,196,212,232,232,157,62,87,87],"floor_reached":24,"playtime":1136,"items_purged":[],"score":501,"play_id":"194fc4ff-af12-4efb-97d3-af8921beb814","local_time":"20210404234240","is_ascension_mode":true,"campfire_choices":[{"data":"Skewer","floor":8,"key":"SMITH"},{"data":"Footwork","floor":15,"key":"SMITH"}],"neow_cost":"NONE","seed_source_timestamp":727801810560100,"circlet_count":0,"master_deck":["AscendersBane","Strike_G","Strike_G","Strike_G","Defend_G","Defend_G","Defend_G","Defend_G","Survivor","Neutralize","Skewer+1","Leg Sweep","Footwork+1","Setup","Dodge and Roll","Blade Dance","Venomology","Unload+1","Escape Plan+1","Dagger Throw+1","Backflip+1","Jack Of All Trades"],"relics":["Ring of the Snake","NeowsBlessing","Sundial","Bronze Scales","Kunai","Bag of Preparation","Astrolabe","White Beast Statue","The Courier"],"potions_floor_usage":[12,14,16,23,23,24,24],"damage_taken":[{"damage":0,"enemies":"2 Louse","floor":1,"turns":1},{"damage":0,"enemies":"Cultist","floor":3,"turns":1},{"damage":0,"enemies":"Lagavulin","floor":6,"turns":1},{"damage":0,"enemies":"Small Slimes","floor":7,"turns":4},{"damage":23,"enemies":"3 Sentries","floor":12,"turns":9},{"damage":0,"enemies":"Looter","floor":13,"turns":2},{"damage":5,"enemies":"Lagavulin","floor":14,"turns":10},{"damage":11,"enemies":"Hexaghost","floor":16,"turns":15},{"damage":3,"enemies":"3 Byrds","floor":18,"turns":5},{"damage":8,"enemies":"Spheric Guardian","floor":19,"turns":6},{"damage":33,"enemies":"Book of Stabbing","floor":23,"turns":8},{"damage":31,"enemies":"3 Cultists","floor":24,"turns":5}],"seed_played":"-3658188796067440768","potions_obtained":[{"floor":2,"key":"Strength Potion"},{"floor":2,"key":"PowerPotion"},{"floor":12,"key":"BlessingOfTheForge"},{"floor":14,"key":"SkillPotion"},{"floor":19,"key":"LiquidMemories"},{"floor":23,"key":"ColorlessPotion"}],"is_trial":false,"path_per_floor":["M","?","M","$","$","E","M","R","T","$","?","E","M","E","R","B",null,"M","M","?","?","$","E","M"],"character_chosen":"THE_SILENT","items_purchased":["Footwork","Jack Of All Trades"],"campfire_rested":0,"item_purchase_floors":[4,22],"current_hp_per_floor":[59,59,59,59,59,59,59,59,59,59,64,41,41,36,36,25,60,57,49,49,49,49,16,0],"gold":87,"neow_bonus":"THREE_ENEMY_KILL","is_prod":false,"is_daily":false,"chose_seed":false,"campfire_upgraded":2,"win_rate":0,"timestamp":1617594160,"path_taken":["M","?","?","?","$","E","M","R","T","$","?","E","M","E","R","BOSS","M","M","?","?","$","E","M"],"build_version":"2020-12-22","purchased_purges":0,"victory":false,"max_hp_per_floor":[66,66,66,66,66,66,66,66,66,66,71,71,71,71,71,71,71,71,71,71,71,71,71,71],"card_choices":[{"not_picked":["Outmaneuver","PiercingWail"],"picked":"Skewer","floor":1},{"not_picked":["Prepared","Deflect"],"picked":"Leg Sweep","floor":3},{"not_picked":["Underhanded Strike","Acrobatics"],"picked":"Setup","floor":6},{"not_picked":["Bane","Deadly Poison"],"picked":"Dodge and Roll","floor":7},{"not_picked":["Backflip","Crippling Poison","Catalyst"],"picked":"SKIP","floor":12},{"not_picked":["Underhanded Strike","Predator"],"picked":"Blade Dance","floor":13},{"not_picked":["Predator","Footwork","Corpse Explosion"],"picked":"SKIP","floor":14},{"not_picked":["Envenom","Grand Finale"],"picked":"Venomology","floor":16},{"not_picked":["Dagger Throw","Blur"],"picked":"Backflip+1","floor":18},{"not_picked":["Outmaneuver","Deadly Poison","Calculated Gamble"],"picked":"SKIP","floor":19},{"not_picked":["Footwork","Dagger Throw","Crippling Poison"],"picked":"SKIP","floor":23}],"player_experience":1353256,"relics_obtained":[{"floor":6,"key":"Sundial"},{"floor":9,"key":"Bronze Scales"},{"floor":12,"key":"Kunai"},{"floor":14,"key":"Bag of Preparation"},{"floor":23,"key":"The Courier"}],"event_choices":[{"damage_healed":0,"gold_gain":0,"player_choice":"Bought 2 Potions","damage_taken":0,"max_hp_gain":0,"max_hp_loss":0,"event_name":"The Woman in Blue","floor":2,"gold_loss":0},{"damage_healed":0,"gold_gain":0,"player_choice":"Donut","damage_taken":0,"max_hp_gain":5,"max_hp_loss":0,"event_name":"Big Fish","floor":11,"gold_loss":0},{"damage_healed":0,"gold_gain":0,"player_choice":"Stole Relic","damage_taken":0,"relics_obtained":["White Beast Statue"],"max_hp_gain":0,"max_hp_loss":0,"event_name":"Addict","floor":20,"gold_loss":0,"cards_obtained":["Shame"]},{"cards_removed":["Shame"],"damage_healed":0,"gold_gain":0,"player_choice":"Gave Gold","damage_taken":0,"max_hp_gain":0,"max_hp_loss":0,"event_name":"Beggar","floor":21,"gold_loss":75}],"is_beta":false,"boss_relics":[{"not_picked":["Ring of the Serpent","Snecko Eye"],"picked":"Astrolabe"}],"items_purged_floors":[],"is_endless":false,"potions_floor_spawned":[12,13,14,19,23],"killed_by":"3 Cultists","ascension_level":19}