{"gold_per_floor":[111,124,124,144,161,161,161,161,161,124,135,153,172,185,185,185],"floor_reached":16,"playtime":801,"items_purged":[],"score":207,"play_id":"5312d9f4-91cd-438b-918c-84bf8047671c","local_time":"20210413121135","is_ascension_mode":true,"campfire_choices":[{"floor":8,"key":"REST"},{"data":"Footwork","floor":15,"key":"SMITH"}],"neow_cost":"NONE","seed_source_timestamp":358156189227300,"circlet_count":0,"master_deck":["AscendersBane","Strike_G","Strike_G","Strike_G","Strike_G+1","Strike_G","Defend_G","Defend_G+1","Defend_G","Defend_G","Defend_G","Survivor","Neutralize","Quick Slash","Sucker Punch+1","Tactician","Footwork+1","Reflex","Underhanded Strike","Heel Hook"],"relics":["Ring of the Snake","NeowsBlessing","Matryoshka"],"potions_floor_usage":[6,16],"damage_taken":[{"damage":0,"enemies":"Cultist","floor":1,"turns":1},{"damage":0,"enemies":"Jaw Worm","floor":2,"turns":1},{"damage":0,"enemies":"Small Slimes","floor":4,"turns":1},{"damage":11,"enemies":"Exordium Wildlife","floor":5,"turns":7},{"damage":10,"enemies":"3 Sentries","floor":6,"turns":4},{"damage":1,"enemies":"Looter","floor":11,"turns":4},{"damage":3,"enemies":"3 Louse","floor":12,"turns":4},{"damage":13,"enemies":"2 Fungi Beasts","floor":13,"turns":5},{"damage":3,"enemies":"Looter","floor":14,"turns":4},{"damage":18,"enemies":"Hexaghost","floor":16,"turns":7}],"seed_played":"2473866460167361245","potions_obtained":[{"floor":5,"key":"SmokeBomb"},{"floor":13,"key":"Strength Potion"},{"floor":14,"key":"CunningPotion"}],"is_trial":false,"path_per_floor":["M","M","?","M","M","E","?","R","T","?","M","M","M","M","R","B"],"character_chosen":"THE_SILENT","items_purchased":[],"campfire_rested":1,"item_purchase_floors":[],"current_hp_per_floor":[59,59,59,59,48,38,18,37,37,37,36,33,20,17,17,0],"gold":185,"neow_bonus":"THREE_ENEMY_KILL","is_prod":false,"is_daily":false,"chose_seed":false,"campfire_upgraded":1,"win_rate":0,"timestamp":1618330295,"path_taken":["M","?","?","?","M","E","?","R","T","?","M","M","M","M","R","BOSS"],"build_version":"2020-12-22","purchased_purges":0,"victory":false,"max_hp_per_floor":[66,66,66,66,66,66,66,66,66,66,66,66,66,66,66,66],"card_choices":[{"not_picked":["Outmaneuver","Flying Knee"],"picked":"Quick Slash","floor":1},{"not_picked":["Flying Knee","Backflip"],"picked":"Sucker Punch","floor":2},{"not_picked":["Prepared","Noxious Fumes"],"picked":"Tactician","floor":4},{"not_picked":["Cloak And Dagger","Tactician"],"picked":"Footwork","floor":5},{"not_picked":["Dagger Throw","Choke"],"picked":"Reflex","floor":11},{"not_picked":["Outmaneuver","Predator"],"picked":"Underhanded Strike","floor":12},{"not_picked":["Finisher","Flying Knee","Slice"],"picked":"SKIP","floor":13},{"not_picked":["Blur","Adrenaline"],"picked":"Heel Hook","floor":14}],"player_experience":1358895,"relics_obtained":[{"floor":9,"key":"Matryoshka"}],"event_choices":[{"damage_healed":0,"gold_gain":0,"player_choice":"Upgraded","damage_taken":0,"max_hp_gain":0,"max_hp_loss":0,"event_name":"Upgrade Shrine","floor":3,"gold_loss":0,"cards_upgraded":["Sucker Punch"]},{"damage_healed":0,"gold_gain":0,"player_choice":"Entered Light","damage_taken":20,"max_hp_gain":0,"max_hp_loss":0,"event_name":"Shining Light","floor":7,"gold_loss":0,"cards_upgraded":["Strike_G","Defend_G"]},{"damage_healed":0,"gold_gain":0,"player_choice":"Left Gold","damage_taken":0,"max_hp_gain":0,"max_hp_loss":0,"event_name":"World of Goop","floor":10,"gold_loss":37}],"is_beta":false,"boss_relics":[],"items_purged_floors":[],"is_endless":false,"potions_floor_spawned":[5,6,13,14],"killed_by":"Hexaghost","ascension_level":19}