{"gold_per_floor":[114,35,35,35,50,83,83,109,134,134,160,7,7],"floor_reached":13,"playtime":433,"items_purged":[],"score":242,"play_id":"0df553d3-8542-48aa-9199-98b19e49aeb5","local_time":"20210412150536","is_ascension_mode":true,"campfire_choices":[{"data":"Neutralize","floor":7,"key":"SMITH"},{"floor":10,"key":"REST"}],"neow_cost":"NONE","seed_source_timestamp":282564495567400,"circlet_count":0,"master_deck":["AscendersBane","Strike_G","Strike_G","Strike_G","Strike_G","Strike_G","Defend_G","Defend_G","Defend_G","Defend_G","Defend_G+1","Survivor","Neutralize+1","Terror+1","Accuracy","Masterful Stab","Heel Hook","Malaise"],"relics":["Ring of the Snake","NeowsBlessing","War Paint","Bag of Marbles","Sundial","Lantern","MawBank","Membership Card"],"potions_floor_usage":[8,8,11],"damage_taken":[{"damage":0,"enemies":"Cultist","floor":1,"turns":1},{"damage":0,"enemies":"Jaw Worm","floor":5,"turns":1},{"damage":0,"enemies":"Lagavulin","floor":6,"turns":1},{"damage":22,"enemies":"Gremlin Nob","floor":8,"turns":4},{"damage":12,"enemies":"Lagavulin","floor":11,"turns":5},{"damage":30,"enemies":"3 Sentries","floor":13,"turns":8}],"seed_played":"-5261928138024099990","potions_obtained":[{"floor":1,"key":"EntropicBrew"},{"floor":8,"key":"SteroidPotion"}],"is_trial":false,"path_per_floor":["M","$","?","$","M","E","R","E","T","R","E","$","E"],"character_chosen":"THE_SILENT","items_purchased":["Accuracy","Membership Card"],"campfire_rested":1,"item_purchase_floors":[2,12],"current_hp_per_floor":[59,59,41,41,41,41,41,19,19,38,26,26,0],"gold":7,"neow_bonus":"THREE_ENEMY_KILL","is_prod":false,"is_daily":false,"chose_seed":false,"campfire_upgraded":1,"win_rate":0,"timestamp":1618254336,"path_taken":["M","$","?","?","M","E","R","E","T","R","E","?","E"],"build_version":"2020-12-22","purchased_purges":0,"victory":false,"max_hp_per_floor":[66,66,66,66,66,66,66,66,66,66,66,66,66],"card_choices":[{"not_picked":["Masterful Stab","Quick Slash"],"picked":"Terror","floor":1},{"not_picked":["Slice","Dodge and Roll","Outmaneuver"],"picked":"SKIP","floor":5},{"not_picked":["Quick Slash","Acrobatics"],"picked":"Masterful Stab","floor":6},{"not_picked":["Leg Sweep","Backstab"],"picked":"Heel Hook","floor":8},{"not_picked":["Deflect","Flying Knee"],"picked":"Malaise","floor":11}],"player_experience":1357609,"relics_obtained":[{"floor":6,"key":"Bag of Marbles"},{"floor":8,"key":"Sundial"},{"floor":9,"key":"Lantern"},{"floor":11,"key":"MawBank"}],"event_choices":[{"damage_healed":0,"gold_gain":0,"player_choice":"Success","damage_taken":18,"relics_obtained":["War Paint"],"max_hp_gain":0,"max_hp_loss":0,"event_name":"Scrap Ooze","floor":3,"gold_loss":0}],"is_beta":false,"boss_relics":[],"items_purged_floors":[],"is_endless":false,"potions_floor_spawned":[1,8],"killed_by":"3 Sentries","ascension_level":19}