{"gold_per_floor":[114,114,33,46,59,59,24,41,86,86,17,17,35,50,50,149,149,160,160,127,142,142,142,73,73],"floor_reached":25,"playtime":777,"items_purged":[],"score":193,"play_id":"b1e531b2-43bb-49e1-98f0-e6c27f2e06c0","local_time":"20211110182037","is_ascension_mode":false,"campfire_choices":[{"data":"Finisher","floor":6,"key":"SMITH"},{"data":"Dodge and Roll","floor":12,"key":"SMITH"},{"data":"Envenom","floor":15,"key":"SMITH"},{"floor":23,"key":"REST"}],"neow_cost":"TEN_PERCENT_HP_LOSS","seed_source_timestamp":3750065177700,"circlet_count":0,"master_deck":["Strike_G","Defend_G","Defend_G","Defend_G","Defend_G","Survivor","Neutralize","Blade Dance","Finisher+1","Terror","Backflip","Infinite Blades","Dodge and Roll+1","Leg Sweep","Cloak And Dagger","Envenom+1","Storm of Steel","Cloak And Dagger+1","Tools of the Trade","Outmaneuver","After Image","RitualDagger","Caltrops"],"special_seed":0,"relics":["Ring of the Snake"],"potions_floor_usage":[20,21,25],"damage_taken":[{"damage":0.0,"enemies":"Small Slimes","floor":1.0,"turns":3.0},{"damage":3,"enemies":"Jaw Worm","floor":4,"turns":3},{"damage":0,"enemies":"2 Louse","floor":5,"turns":3},{"damage":0,"enemies":"2 Fungi Beasts","floor":8,"turns":2},{"damage":0,"enemies":"Looter","floor":13,"turns":5},{"damage":0,"enemies":"Blue Slaver","floor":14,"turns":3},{"damage":5,"enemies":"Hexaghost","floor":16,"turns":8},{"damage":42,"enemies":"Spheric Guardian","floor":18,"turns":10},{"damage":19,"enemies":"2 Thieves","floor":20,"turns":5},{"damage":1,"enemies":"Cultist and Chosen","floor":21,"turns":8},{"damage":29,"enemies":"Book of Stabbing","floor":25,"turns":5}],"seed_played":"5102700442581295431","potions_obtained":[{"floor":4,"key":"Regen Potion"},{"floor":5,"key":"EssenceOfSteel"},{"floor":14,"key":"Strength Potion"}],"is_trial":false,"path_per_floor":["M","?","$","M","M","R","$","M","T","?","$","R","M","M","R","B",null,"M","?","M","M","?","R","$","E"],"character_chosen":"THE_SILENT","items_purchased":["Finisher","Infinite Blades","Leg Sweep","Caltrops"],"campfire_rested":1,"item_purchase_floors":[3,7,11,24],"current_hp_per_floor":[63,63,63,60,60,60,60,60,60,53,53,53,53,53,53,48,63,21,21,2,16,10,28,28,0],"gold":73,"neow_bonus":"REMOVE_TWO","is_prod":false,"is_daily":false,"chose_seed":false,"campfire_upgraded":3,"win_rate":0,"timestamp":1636564837,"path_taken":["M","?","$","M","M","R","$","M","T","?","$","R","M","M","R","BOSS","M","?","M","M","?","R","$","E"],"build_version":"2020-12-22","purchased_purges":0,"victory":false,"max_hp_per_floor":[63,63,63,63,63,63,63,63,63,63,63,63,63,63,63,63,63,63,63,63,63,63,63,63,63],"card_choices":[{"not_picked":["Flying Knee","Deadly Poison"],"picked":"Blade Dance","floor":1.0},{"not_picked":["Cloak And Dagger","Infinite Blades"],"picked":"Terror","floor":4},{"not_picked":["Endless Agony","Night Terror"],"picked":"Backflip","floor":5},{"not_picked":["Underhanded Strike","Poisoned Stab"],"picked":"Dodge and Roll","floor":8},{"not_picked":["PiercingWail","Prepared"],"picked":"Cloak And Dagger","floor":13},{"not_picked":["Backflip","Endless Agony"],"picked":"Envenom","floor":14},{"not_picked":["Unload","Glass Knife"],"picked":"Storm of Steel","floor":16},{"not_picked":["PiercingWail","Dodge and Roll"],"picked":"Cloak And Dagger+1","floor":18},{"not_picked":["Cloak And Dagger+1","Finisher"],"picked":"After Image","floor":20},{"not_picked":["Sucker Punch","Flying Knee","Prepared"],"picked":"SKIP","floor":21}],"player_experience":1662322,"relics_obtained":[],"event_choices":[{"damage_healed":0,"gold_gain":0,"player_choice":"Ignored","damage_taken":0,"max_hp_gain":0,"max_hp_loss":0,"event_name":"Golden Idol","floor":2,"gold_loss":0},{"cards_removed":["Strike_G"],"damage_healed":0,"gold_gain":0,"player_choice":"Card Removal","damage_taken":7,"max_hp_gain":0,"max_hp_loss":0,"event_name":"Golden Wing","floor":10,"gold_loss":0},{"damage_healed":0,"gold_gain":0,"cards_transformed":["Strike_G","Strike_G"],"player_choice":"Became Test Subject","damage_taken":0,"max_hp_gain":0,"max_hp_loss":0,"event_name":"Drug Dealer","floor":19,"gold_loss":0,"cards_obtained":["Tools of the Trade","Outmaneuver"]},{"damage_healed":0,"gold_gain":0,"player_choice":"Joined the Cult","damage_taken":6,"max_hp_gain":0,"max_hp_loss":0,"event_name":"Nest","floor":22,"gold_loss":0,"cards_obtained":["RitualDagger"]}],"is_beta":false,"boss_relics":[{"not_picked":["Tiny House","Empty Cage","Philosopher\u0027s Stone"]}],"items_purged_floors":[],"is_endless":false,"potions_floor_spawned":[4,5,14,16],"killed_by":"Book of Stabbing","ascension_level":0}