{"gold_per_floor":[109,109,122,122,132,132,161,171,196,210,227,246,246,272,272,272],"floor_reached":16,"playtime":590,"items_purged":[],"score":228,"play_id":"4592dbfb-b44e-4255-b6ac-7f3aa42cffd5","local_time":"20211226220723","is_ascension_mode":true,"campfire_choices":[{"data":"Crippling Poison","floor":6,"key":"SMITH"},{"floor":13,"key":"REST"},{"floor":15,"key":"REST"}],"neow_cost":"NONE","seed_source_timestamp":84113657678800,"circlet_count":0,"master_deck":["AscendersBane","Strike_G","Strike_G","Strike_G","Strike_G+1","Strike_G","Defend_G","Defend_G","Defend_G+1","Defend_G","Defend_G","Survivor","Neutralize","Bouncing Flask","All Out Attack","Crippling Poison+1","Deadly Poison","Blur","Poisoned Stab"],"relics":["Ring of the Snake","NeowsBlessing","HornCleat","Potion Belt","Pen Nib","Boot"],"potions_floor_usage":[14,16,16],"damage_taken":[{"damage":0,"enemies":"2 Louse","floor":1,"turns":1},{"damage":0,"enemies":"Jaw Worm","floor":3,"turns":1},{"damage":0,"enemies":"Cultist","floor":5,"turns":1},{"damage":13,"enemies":"Lagavulin","floor":7,"turns":5},{"damage":8,"enemies":"Gremlin Gang","floor":8,"turns":3},{"damage":0,"enemies":"2 Fungi Beasts","floor":10,"turns":2},{"damage":4,"enemies":"Lots of Slimes","floor":11,"turns":2},{"damage":4,"enemies":"Blue Slaver","floor":12,"turns":3},{"damage":21,"enemies":"Gremlin Nob","floor":14,"turns":4},{"damage":27,"enemies":"The Guardian","floor":16,"turns":9}],"seed_played":"8611776971759861021","potions_obtained":[{"floor":1,"key":"DuplicationPotion"},{"floor":5,"key":"BlessingOfTheForge"},{"floor":8,"key":"SpeedPotion"},{"floor":12,"key":"ColorlessPotion"},{"floor":14,"key":"SteroidPotion"}],"is_trial":false,"path_per_floor":["M","?","M","T","M","R","E","M","T","M","M","M","R","E","R","B"],"character_chosen":"THE_SILENT","items_purchased":[],"campfire_rested":2,"item_purchase_floors":[],"current_hp_per_floor":[59,39,39,39,39,39,26,18,18,18,14,10,29,8,27,0],"gold":272,"neow_bonus":"THREE_ENEMY_KILL","is_prod":false,"is_daily":false,"chose_seed":false,"campfire_upgraded":1,"win_rate":0,"timestamp":1640552843,"path_taken":["M","?","M","?","M","R","E","M","T","?","?","M","R","E","R","BOSS"],"build_version":"2020-12-22","purchased_purges":0,"victory":false,"max_hp_per_floor":[66,66,66,66,66,66,66,66,66,66,66,66,66,66,66,66],"card_choices":[{"not_picked":["Finisher","Expertise"],"picked":"Bouncing Flask","floor":1},{"not_picked":["Well Laid Plans","Distraction"],"picked":"All Out Attack","floor":3},{"not_picked":["Slice","Prepared"],"picked":"Crippling Poison","floor":5},{"not_picked":["Infinite Blades","Cloak And Dagger","Flying Knee"],"picked":"SKIP","floor":7},{"not_picked":["Riddle With Holes","Reflex"],"picked":"Deadly Poison","floor":8},{"not_picked":["Quick Slash","Wraith Form v2","Dodge and Roll"],"picked":"SKIP","floor":10},{"not_picked":["Slice","Terror"],"picked":"Blur","floor":11},{"not_picked":["Accuracy","Deflect"],"picked":"Poisoned Stab","floor":12},{"not_picked":["Sucker Punch","Prepared","Terror"],"picked":"SKIP","floor":14}],"player_experience":1767483,"relics_obtained":[{"floor":4,"key":"HornCleat"},{"floor":7,"key":"Potion Belt"},{"floor":9,"key":"Pen Nib"},{"floor":14,"key":"Boot"}],"event_choices":[{"damage_healed":0,"gold_gain":0,"player_choice":"Entered Light","damage_taken":20,"max_hp_gain":0,"max_hp_loss":0,"event_name":"Shining Light","floor":2,"gold_loss":0,"cards_upgraded":["Defend_G","Strike_G"]}],"is_beta":false,"boss_relics":[],"items_purged_floors":[],"is_endless":false,"potions_floor_spawned":[1,5,8,12,14],"killed_by":"The Guardian","ascension_level":20}