{"gold_per_floor":[116,116,134,149,160,188,188,188,188,205,238,238,238,257,257,336,336,349,349],"floor_reached":19,"playtime":748,"items_purged":[],"score":358,"play_id":"5ab1c820-bbc2-423b-8390-368959b758a2","local_time":"20220124174552","is_ascension_mode":true,"campfire_choices":[{"floor":7,"key":"REST"},{"data":"Noxious Fumes","floor":12,"key":"SMITH"},{"data":"Bane","floor":15,"key":"SMITH"}],"neow_cost":"TEN_PERCENT_HP_LOSS","seed_source_timestamp":6358315197200,"circlet_count":0,"master_deck":["AscendersBane","Strike_G","Strike_G","Strike_G","Strike_G","Defend_G","Defend_G","Defend_G","Defend_G","Defend_G","Survivor","Neutralize+1","Backstab","Noxious Fumes+1","Poisoned Stab+1","Bane+1","Deadly Poison"],"relics":["Ring of the Snake","Lizard Tail","Toy Ornithopter","Tiny Chest","Bottled Tornado","SacredBark"],"potions_floor_usage":[6,6,11,16],"damage_taken":[{"damage":6,"enemies":"2 Louse","floor":1,"turns":3},{"damage":1,"enemies":"Cultist","floor":3,"turns":4},{"damage":0,"enemies":"Jaw Worm","floor":4,"turns":4},{"damage":25,"enemies":"Exordium Thugs","floor":5,"turns":6},{"damage":11,"enemies":"Lagavulin","floor":6,"turns":6},{"damage":16,"enemies":"Large Slime","floor":10,"turns":8},{"damage":26,"enemies":"Gremlin Nob","floor":11,"turns":4},{"damage":7,"enemies":"Lots of Slimes","floor":14,"turns":4},{"damage":17,"enemies":"Hexaghost","floor":16,"turns":9},{"damage":19,"enemies":"Spheric Guardian","floor":18,"turns":5},{"damage":39,"enemies":"Shell Parasite","floor":19,"turns":5}],"seed_played":"-8491836228165500797","potions_obtained":[{"floor":3,"key":"Swift Potion"},{"floor":5,"key":"DistilledChaos"},{"floor":6,"key":"SkillPotion"},{"floor":14,"key":"SpeedPotion"}],"is_trial":false,"path_per_floor":["M","?","M","M","M","E","R","?","T","M","E","R","?","M","R","B",null,"M","M"],"character_chosen":"THE_SILENT","items_purchased":[],"campfire_rested":1,"item_purchase_floors":[],"current_hp_per_floor":[53,53,52,52,27,16,34,34,34,18,30,30,30,23,23,11,48,29,0],"gold":349,"neow_bonus":"ONE_RARE_RELIC","is_prod":false,"is_daily":false,"chose_seed":false,"campfire_upgraded":2,"win_rate":0,"timestamp":1643042752,"path_taken":["M","?","M","?","M","E","R","?","T","?","E","R","?","M","R","BOSS","M","M"],"build_version":"2020-12-22","purchased_purges":0,"victory":false,"max_hp_per_floor":[60,60,60,60,60,60,60,60,60,60,60,60,60,60,60,60,60,60,60],"card_choices":[{"not_picked":["Bane","Endless Agony"],"picked":"Backstab","floor":1},{"not_picked":["Concentrate","Reflex"],"picked":"Noxious Fumes","floor":3},{"not_picked":["Reflex","Acrobatics"],"picked":"Poisoned Stab","floor":4},{"not_picked":["Cloak And Dagger","PiercingWail","Endless Agony"],"picked":"SKIP","floor":5},{"not_picked":["Wraith Form v2","Finisher","Poisoned Stab"],"picked":"SKIP","floor":6},{"not_picked":["Dagger Throw","Endless Agony","Deflect"],"picked":"SKIP","floor":10},{"not_picked":["Blade Dance","Cloak And Dagger","Poisoned Stab"],"picked":"SKIP","floor":11},{"not_picked":["Sucker Punch","Masterful Stab"],"picked":"Bane","floor":14},{"not_picked":["Masterful Stab","Bouncing Flask"],"picked":"Deadly Poison","floor":18}],"player_experience":1772056,"relics_obtained":[{"floor":6,"key":"Toy Ornithopter"},{"floor":9,"key":"Tiny Chest"},{"floor":11,"key":"Bottled Tornado"}],"event_choices":[{"damage_healed":0,"gold_gain":0,"player_choice":"Upgraded","damage_taken":0,"max_hp_gain":0,"max_hp_loss":0,"event_name":"Upgrade Shrine","floor":2,"gold_loss":0,"cards_upgraded":["Neutralize"]},{"cards_removed":["Strike_G"],"damage_healed":0,"gold_gain":0,"player_choice":"Purged","damage_taken":0,"max_hp_gain":0,"max_hp_loss":0,"event_name":"Purifier","floor":8,"gold_loss":0},{"damage_healed":0,"gold_gain":0,"player_choice":"Forge","damage_taken":0,"max_hp_gain":0,"max_hp_loss":0,"event_name":"Accursed Blacksmith","floor":13,"gold_loss":0,"cards_upgraded":["Poisoned Stab"]}],"is_beta":false,"boss_relics":[{"not_picked":["Pandora\u0027s Box","Velvet Choker"],"picked":"SacredBark"}],"items_purged_floors":[],"is_endless":false,"potions_floor_spawned":[3,5,6,14],"killed_by":"Shell Parasite","ascension_level":20}