{"gold_per_floor":[15,15,90,106,106,106,119,119,119,145,164,88,88,88,88,88],"floor_reached":16,"playtime":453,"items_purged":[],"score":196,"play_id":"c0bec1f9-caaa-43b6-ab0e-83ddb94ba91a","local_time":"20220124175422","is_ascension_mode":true,"campfire_choices":[{"data":"Eviscerate","floor":6,"key":"SMITH"},{"data":"Survivor","floor":8,"key":"SMITH"},{"floor":13,"key":"REST"},{"floor":15,"key":"REST"}],"neow_cost":"NO_GOLD","seed_source_timestamp":7163392117400,"circlet_count":0,"master_deck":["AscendersBane","Strike_G","Strike_G","Strike_G","Strike_G","Defend_G","Defend_G","Defend_G","Defend_G","Defend_G","Survivor+1","Neutralize","Quick Slash","Blur","Eviscerate+1","Dagger Throw","Acrobatics","Footwork+1"],"relics":["Ring of the Snake","Tough Bandages","Question Card","Centennial Puzzle"],"potions_floor_usage":[16],"damage_taken":[{"damage":8,"enemies":"Small Slimes","floor":1,"turns":4},{"damage":1,"enemies":"2 Louse","floor":4,"turns":4},{"damage":1,"enemies":"Cultist","floor":7,"turns":4},{"damage":39,"enemies":"Gremlin Nob","floor":10,"turns":5},{"damage":0,"enemies":"2 Fungi Beasts","floor":11,"turns":4},{"damage":52,"enemies":"Slime Boss","floor":16,"turns":17}],"seed_played":"-402556348946365918","potions_obtained":[{"floor":1,"key":"Block Potion"},{"floor":4,"key":"CunningPotion"},{"floor":11,"key":"Dexterity Potion"}],"is_trial":false,"path_per_floor":["M","?","?","M","?","R","M","R","T","E","M","$","R","?","R","B"],"character_chosen":"THE_SILENT","items_purchased":["Footwork"],"campfire_rested":2,"item_purchase_floors":[12],"current_hp_per_floor":[51,51,40,39,44,44,43,43,43,4,4,4,25,25,46,0],"gold":88,"neow_bonus":"ONE_RARE_RELIC","is_prod":false,"is_daily":false,"chose_seed":false,"campfire_upgraded":2,"win_rate":0,"timestamp":1643043262,"path_taken":["M","?","?","M","?","R","M","R","T","E","M","$","R","?","R","BOSS"],"build_version":"2020-12-22","purchased_purges":0,"victory":false,"max_hp_per_floor":[66,66,66,66,71,71,71,71,71,71,71,71,71,71,71,71],"card_choices":[{"not_picked":["Accuracy","Catalyst"],"picked":"Quick Slash","floor":1},{"not_picked":["Dagger Throw","Poisoned Stab"],"picked":"Eviscerate","floor":4},{"not_picked":["Flying Knee","Outmaneuver"],"picked":"Dagger Throw","floor":7},{"not_picked":["Blade Dance","PiercingWail","Bane","Skewer"],"picked":"SKIP","floor":10},{"not_picked":["Backflip","Blade Dance","Endless Agony"],"picked":"Acrobatics","floor":11}],"player_experience":1773001,"relics_obtained":[{"floor":9,"key":"Question Card"},{"floor":10,"key":"Centennial Puzzle"}],"event_choices":[{"damage_healed":0,"gold_gain":0,"cards_transformed":["Strike_G"],"player_choice":"Change","damage_taken":0,"max_hp_gain":0,"max_hp_loss":0,"event_name":"Living Wall","floor":2,"gold_loss":0,"cards_obtained":["Blur"]},{"damage_healed":0,"gold_gain":75,"player_choice":"Gather Gold","damage_taken":11,"max_hp_gain":0,"max_hp_loss":0,"event_name":"World of Goop","floor":3,"gold_loss":0},{"damage_healed":0,"gold_gain":0,"player_choice":"Donut","damage_taken":0,"max_hp_gain":5,"max_hp_loss":0,"event_name":"Big Fish","floor":5,"gold_loss":0},{"damage_healed":0,"gold_gain":0,"player_choice":"Upgraded","damage_taken":0,"max_hp_gain":0,"max_hp_loss":0,"event_name":"Upgrade Shrine","floor":14,"gold_loss":0,"cards_upgraded":["Footwork"]}],"is_beta":false,"boss_relics":[],"items_purged_floors":[],"is_endless":false,"potions_floor_spawned":[1,4,11],"killed_by":"Slime Boss","ascension_level":20}