{"gold_per_floor":[117,117,131,131,48,82,157,157,157,157,157,169,2,32,32,109,109,128,128],"floor_reached":19,"playtime":613,"items_purged":[],"score":396,"play_id":"aa0b9d6b-8d81-4342-93c8-faaf48d7cb8f","local_time":"20220213142615","is_ascension_mode":true,"campfire_choices":[{"data":"Footwork","floor":11,"key":"SMITH"},{"data":"Predator","floor":15,"key":"SMITH"}],"neow_cost":"NONE","seed_source_timestamp":1545658347171800,"circlet_count":0,"master_deck":["AscendersBane","Strike_G","Strike_G","Strike_G","Strike_G","Strike_G","Defend_G+1","Defend_G","Defend_G","Defend_G","Defend_G","Survivor+1","Neutralize","Underhanded Strike+1","Footwork+1","Acrobatics","Predator+1","Tools of the Trade","Concentrate"],"relics":["Ring of the Snake","NeowsBlessing","InkBottle","Calipers","Eternal Feather","Mummified Hand","MealTicket","War Paint","HoveringKite"],"potions_floor_usage":[14,14,16],"damage_taken":[{"damage":0,"enemies":"Cultist","floor":1,"turns":1},{"damage":0,"enemies":"2 Louse","floor":3,"turns":1},{"damage":0,"enemies":"3 Sentries","floor":6,"turns":2},{"damage":10,"enemies":"Small Slimes","floor":12,"turns":4},{"damage":16,"enemies":"Lagavulin","floor":14,"turns":8},{"damage":32,"enemies":"The Guardian","floor":16,"turns":15},{"damage":42,"enemies":"3 Byrds","floor":18,"turns":9},{"damage":12,"enemies":"Spheric Guardian","floor":19,"turns":5}],"seed_played":"5126052829394350857","potions_obtained":[{"floor":1,"key":"LiquidMemories"},{"floor":10,"key":"Regen Potion"},{"floor":10,"key":"Fire Potion"},{"floor":14,"key":"Fire Potion"}],"is_trial":false,"path_per_floor":["M","?","M","?","$","E","?","?","T","?","R","M","$","E","R","B",null,"M","M"],"character_chosen":"THE_SILENT","items_purchased":["Footwork","MealTicket"],"campfire_rested":0,"item_purchase_floors":[5,13],"current_hp_per_floor":[59,59,59,59,59,59,48,30,30,30,39,29,29,28,37,5,51,9,0],"gold":128,"neow_bonus":"THREE_ENEMY_KILL","is_prod":false,"is_daily":false,"chose_seed":false,"campfire_upgraded":2,"win_rate":0,"timestamp":1644758775,"path_taken":["M","?","?","?","?","E","?","?","T","?","R","M","$","E","R","BOSS","M","?"],"build_version":"2020-12-22","purchased_purges":0,"victory":false,"max_hp_per_floor":[66,66,66,66,66,66,66,66,66,66,66,66,66,66,66,66,66,66,66],"card_choices":[{"not_picked":["Expertise","Prepared"],"picked":"Underhanded Strike","floor":1},{"not_picked":["PiercingWail","Expertise","Backflip"],"picked":"SKIP","floor":3},{"not_picked":["Deadly Poison","Poisoned Stab"],"picked":"Acrobatics","floor":6},{"not_picked":["Acrobatics","Cloak And Dagger","Flying Knee"],"picked":"SKIP","floor":12},{"not_picked":["PiercingWail","Poisoned Stab"],"picked":"Predator","floor":14},{"not_picked":["Envenom","Doppelganger"],"picked":"Tools of the Trade","floor":16},{"not_picked":["Masterful Stab","Calculated Gamble+1"],"picked":"Concentrate","floor":18}],"player_experience":1774456,"relics_obtained":[{"floor":6,"key":"Calipers"},{"floor":9,"key":"Mummified Hand"},{"floor":14,"key":"War Paint"}],"event_choices":[{"damage_healed":0,"gold_gain":0,"player_choice":"Gave Potion","damage_taken":0,"relics_obtained":["InkBottle"],"max_hp_gain":0,"max_hp_loss":0,"event_name":"WeMeetAgain","floor":2,"gold_loss":0},{"damage_healed":0,"gold_gain":0,"player_choice":"Upgraded","damage_taken":0,"max_hp_gain":0,"max_hp_loss":0,"event_name":"Upgrade Shrine","floor":4,"gold_loss":0,"cards_upgraded":["Underhanded Strike"]},{"damage_healed":0,"gold_gain":75,"player_choice":"Gather Gold","damage_taken":11,"max_hp_gain":0,"max_hp_loss":0,"event_name":"World of Goop","floor":7,"gold_loss":0},{"damage_healed":0,"gold_gain":0,"player_choice":"Success","damage_taken":18,"relics_obtained":["Eternal Feather"],"max_hp_gain":0,"max_hp_loss":0,"event_name":"Scrap Ooze","floor":8,"gold_loss":0},{"damage_healed":0,"gold_gain":0,"player_choice":"Got Potions","damage_taken":0,"max_hp_gain":0,"max_hp_loss":0,"event_name":"Lab","floor":10,"gold_loss":0}],"is_beta":false,"boss_relics":[{"not_picked":["Fusion Hammer","Runic Pyramid"],"picked":"HoveringKite"}],"items_purged_floors":[],"is_endless":false,"potions_floor_spawned":[1,12,14],"killed_by":"Spheric Guardian","ascension_level":20}