{"gold_per_floor":[110,110,122,137,137,168,168,204,229,229,229,247,261,261],"floor_reached":14,"playtime":413,"items_purged":[],"score":200,"play_id":"e62ed2a1-d371-4442-85a3-570bff2531ae","local_time":"20220220002206","is_ascension_mode":true,"campfire_choices":[{"floor":7,"key":"REST"},{"data":"Footwork","floor":10,"key":"SMITH"}],"neow_cost":"NONE","seed_source_timestamp":180250175065700,"circlet_count":0,"master_deck":["AscendersBane","Strike_G","Strike_G","Strike_G","Strike_G","Defend_G","Defend_G","Defend_G","Defend_G","Defend_G","Survivor","Neutralize","Underhanded Strike","Dagger Throw","Underhanded Strike","Footwork+1","Deflect"],"relics":["Ring of the Snake","Tiny Chest","Golden Idol","Centennial Puzzle","Strawberry","Bag of Preparation"],"potions_floor_usage":[3,14],"damage_taken":[{"damage":4,"enemies":"Small Slimes","floor":1,"turns":4},{"damage":0,"enemies":"Cultist","floor":3,"turns":2},{"damage":0,"enemies":"2 Louse","floor":4,"turns":4},{"damage":33,"enemies":"Lagavulin","floor":6,"turns":10},{"damage":21,"enemies":"3 Sentries","floor":8,"turns":10},{"damage":20,"enemies":"Large Slime","floor":12,"turns":9},{"damage":0,"enemies":"Looter","floor":13,"turns":3},{"damage":7,"enemies":"Lagavulin","floor":14,"turns":3}],"seed_played":"7580953160964142594","potions_obtained":[{"floor":1,"key":"SteroidPotion"},{"floor":6,"key":"SkillPotion"}],"is_trial":false,"path_per_floor":["M","?","M","M","?","E","R","E","T","R","T","M","M","E"],"character_chosen":"THE_SILENT","items_purchased":[],"campfire_rested":1,"item_purchase_floors":[],"current_hp_per_floor":[55,55,55,55,55,22,40,26,26,26,26,6,6,0],"gold":261,"neow_bonus":"RANDOM_COMMON_RELIC","is_prod":false,"is_daily":false,"chose_seed":false,"campfire_upgraded":1,"win_rate":0,"timestamp":1645312926,"path_taken":["M","?","M","?","?","E","R","E","T","R","?","M","M","E"],"build_version":"2020-12-22","purchased_purges":0,"victory":false,"max_hp_per_floor":[66,66,66,66,60,60,60,67,67,67,67,67,67,67],"card_choices":[{"not_picked":["Escape Plan","Sucker Punch"],"picked":"Underhanded Strike","floor":1},{"not_picked":["Outmaneuver","Backflip"],"picked":"Dagger Throw","floor":3},{"not_picked":["Flying Knee","Dagger Throw"],"picked":"Underhanded Strike","floor":4},{"not_picked":["Bullet Time","Flechettes","Blur"],"picked":"SKIP","floor":6},{"not_picked":["Deadly Poison","Well Laid Plans"],"picked":"Footwork","floor":8},{"not_picked":["Caltrops","Quick Slash","Underhanded Strike"],"picked":"SKIP","floor":12},{"not_picked":["Crippling Poison","Sucker Punch"],"picked":"Deflect","floor":13}],"player_experience":1786708,"relics_obtained":[{"floor":6,"key":"Centennial Puzzle"},{"floor":8,"key":"Strawberry"},{"floor":11,"key":"Bag of Preparation"}],"event_choices":[{"cards_removed":["Strike_G"],"damage_healed":0,"gold_gain":0,"player_choice":"Offered Basic","damage_taken":0,"max_hp_gain":0,"max_hp_loss":0,"event_name":"Bonfire Elementals","floor":2,"gold_loss":0},{"damage_healed":0,"gold_gain":0,"player_choice":"Lose Max HP","damage_taken":0,"relics_obtained":["Golden Idol"],"max_hp_gain":0,"max_hp_loss":6,"event_name":"Golden Idol","floor":5,"gold_loss":0}],"is_beta":false,"boss_relics":[],"items_purged_floors":[],"is_endless":false,"potions_floor_spawned":[1,6],"killed_by":"Lagavulin","ascension_level":20}