{"gold_per_floor":[119,99,112,128,53,88,88,88,88,88,88,107,107],"floor_reached":13,"playtime":267,"items_purged":["Strike_G"],"score":166,"play_id":"b2877504-7985-4dbc-bd83-cb150de76938","local_time":"20220220004530","is_ascension_mode":true,"campfire_choices":[{"floor":8,"key":"REST"}],"neow_cost":"NONE","seed_source_timestamp":181799914270300,"circlet_count":0,"master_deck":["AscendersBane","Strike_G","Strike_G","Strike_G","Defend_G","Defend_G","Defend_G","Defend_G","Defend_G","Survivor+1","Neutralize","Finisher+1","Blade Dance","Caltrops","Expertise"],"relics":["Ring of the Snake","NeowsBlessing","Bottled Lightning","Sundial"],"potions_floor_usage":[6,6],"damage_taken":[{"damage":0,"enemies":"Small Slimes","floor":1,"turns":1},{"damage":0,"enemies":"Cultist","floor":3,"turns":1},{"damage":0,"enemies":"Jaw Worm","floor":4,"turns":1},{"damage":54,"enemies":"3 Sentries","floor":6,"turns":17},{"damage":8,"enemies":"2 Fungi Beasts","floor":12,"turns":5},{"damage":3,"enemies":"3 Louse","floor":13,"turns":1}],"seed_played":"5356349465093055988","potions_obtained":[{"floor":1,"key":"LiquidBronze"},{"floor":2,"key":"SneckoOil"},{"floor":6,"key":"Fruit Juice"},{"floor":11,"key":"LiquidBronze"}],"is_trial":false,"path_per_floor":["M","?","M","M","$","E","?","R","T","?","?","M","M"],"character_chosen":"THE_SILENT","items_purchased":[],"campfire_rested":1,"item_purchase_floors":[],"current_hp_per_floor":[59,59,59,59,59,10,10,31,31,10,10,2,0],"gold":107,"neow_bonus":"THREE_ENEMY_KILL","is_prod":false,"is_daily":false,"chose_seed":false,"campfire_upgraded":0,"win_rate":0,"timestamp":1645314330,"path_taken":["M","?","?","M","$","E","?","R","T","?","?","?","M"],"build_version":"2020-12-22","purchased_purges":1,"victory":false,"max_hp_per_floor":[66,66,66,66,66,71,71,71,71,71,71,71,71],"card_choices":[{"not_picked":["Quick Slash","PiercingWail"],"picked":"Finisher","floor":1},{"not_picked":["Deadly Poison","Riddle With Holes","Underhanded Strike"],"picked":"SKIP","floor":3},{"not_picked":["Catalyst","Distraction"],"picked":"Blade Dance","floor":4},{"not_picked":["Acrobatics","Quick Slash"],"picked":"Caltrops","floor":6},{"not_picked":["Acrobatics","Underhanded Strike","Deadly Poison"],"picked":"SKIP","floor":12}],"player_experience":1788226,"relics_obtained":[{"floor":6,"key":"Bottled Lightning"},{"floor":9,"key":"Sundial"}],"event_choices":[{"damage_healed":0,"gold_gain":0,"player_choice":"Bought 1 Potion","damage_taken":0,"max_hp_gain":0,"max_hp_loss":0,"event_name":"The Woman in Blue","floor":2,"gold_loss":0},{"damage_healed":0,"gold_gain":0,"cards_transformed":["Strike_G"],"player_choice":"Change","damage_taken":0,"max_hp_gain":0,"max_hp_loss":0,"event_name":"Living Wall","floor":7,"gold_loss":0,"cards_obtained":["Expertise"]},{"damage_healed":0,"gold_gain":0,"player_choice":"Entered Light","damage_taken":21,"max_hp_gain":0,"max_hp_loss":0,"event_name":"Shining Light","floor":10,"gold_loss":0,"cards_upgraded":["Survivor","Finisher"]},{"damage_healed":0,"gold_gain":0,"player_choice":"Got Potions","damage_taken":0,"max_hp_gain":0,"max_hp_loss":0,"event_name":"Lab","floor":11,"gold_loss":0}],"is_beta":false,"boss_relics":[],"items_purged_floors":[5],"is_endless":false,"potions_floor_spawned":[1,6],"killed_by":"3 Louse","ascension_level":20}