{"gold_per_floor":[112,129,129,129,54,83,83,102,176,204,204,218,250,269,269,269],"floor_reached":16,"playtime":401,"items_purged":["Regret"],"score":290,"play_id":"3a5844cd-686a-47bc-8865-5df448eb8787","local_time":"20220313125727","is_ascension_mode":true,"campfire_choices":[{"floor":11,"key":"REST"},{"data":"Doppelganger","floor":15,"key":"SMITH"}],"neow_cost":"NONE","seed_source_timestamp":484251019620800,"circlet_count":0,"master_deck":["AscendersBane","Strike_G","Strike_G","Strike_G","Strike_G","Defend_G","Defend_G","Defend_G","Defend_G","Defend_G","Survivor","Neutralize","All Out Attack","Distraction","Terror","Doppelganger+1","Caltrops"],"relics":["Ring of the Snake","NeowsBlessing","Bag of Preparation","Blood Vial","Bronze Scales","StrikeDummy","Orichalcum","Bottled Flame"],"potions_floor_usage":[10],"damage_taken":[{"damage":0,"enemies":"Small Slimes","floor":1,"turns":1},{"damage":0,"enemies":"Jaw Worm","floor":2,"turns":1},{"damage":0,"enemies":"Lagavulin","floor":6,"turns":1},{"damage":0,"enemies":"2 Louse","floor":8,"turns":3},{"damage":52,"enemies":"3 Sentries","floor":10,"turns":10},{"damage":1,"enemies":"Gremlin Gang","floor":12,"turns":3},{"damage":20,"enemies":"Gremlin Nob","floor":13,"turns":4},{"damage":0,"enemies":"2 Fungi Beasts","floor":14,"turns":2},{"damage":22,"enemies":"Hexaghost","floor":16,"turns":9}],"seed_played":"-3055668424647468303","potions_obtained":[{"floor":2,"key":"Weak Potion"},{"floor":6,"key":"FairyPotion"},{"floor":13,"key":"SkillPotion"}],"is_trial":false,"path_per_floor":["M","M","?","?","$","E","?","M","T","E","R","M","E","M","R","B"],"character_chosen":"THE_SILENT","items_purchased":[],"campfire_rested":1,"item_purchase_floors":[],"current_hp_per_floor":[59,59,59,41,41,43,43,45,45,15,34,35,17,19,19,0],"gold":269,"neow_bonus":"THREE_ENEMY_KILL","is_prod":false,"is_daily":false,"chose_seed":false,"campfire_upgraded":1,"win_rate":0,"timestamp":1647172647,"path_taken":["M","M","?","?","?","E","?","M","T","E","R","M","E","M","R","BOSS"],"build_version":"2022-03-07","purchased_purges":1,"victory":false,"max_hp_per_floor":[66,66,66,66,66,66,66,66,66,66,66,66,66,66,66,66],"card_choices":[{"not_picked":["Quick Slash","Poisoned Stab"],"picked":"All Out Attack","floor":1},{"not_picked":["Cloak And Dagger","Prepared","Dagger Spray"],"picked":"SKIP","floor":2},{"not_picked":["Dagger Spray","Underhanded Strike"],"picked":"Distraction","floor":6},{"not_picked":["Poisoned Stab","Slice"],"picked":"Terror","floor":8},{"not_picked":["Finisher","Flying Knee"],"picked":"Doppelganger","floor":10},{"not_picked":["PiercingWail","Dagger Spray","Deadly Poison"],"picked":"SKIP","floor":12},{"not_picked":["Distraction","Bouncing Flask","Outmaneuver"],"picked":"SKIP","floor":13},{"not_picked":["PiercingWail","Poisoned Stab"],"picked":"Caltrops","floor":14}],"player_experience":1824281,"relics_obtained":[{"floor":6,"key":"Bronze Scales"},{"floor":9,"key":"StrikeDummy"},{"floor":10,"key":"Orichalcum"},{"floor":13,"key":"Bottled Flame"}],"event_choices":[{"damage_healed":0,"gold_gain":0,"player_choice":"Box","damage_taken":0,"relics_obtained":["Bag of Preparation"],"max_hp_gain":0,"max_hp_loss":0,"event_name":"Big Fish","floor":3,"gold_loss":0,"cards_obtained":["Regret"]},{"damage_healed":0,"gold_gain":0,"player_choice":"Success","damage_taken":18,"relics_obtained":["Blood Vial"],"max_hp_gain":0,"max_hp_loss":0,"event_name":"Scrap Ooze","floor":4,"gold_loss":0},{"cards_removed":["Strike_G"],"damage_healed":0,"gold_gain":0,"player_choice":"Offered Basic","damage_taken":0,"max_hp_gain":0,"max_hp_loss":0,"event_name":"Bonfire Elementals","floor":7,"gold_loss":0}],"is_beta":false,"boss_relics":[],"items_purged_floors":[5],"is_endless":false,"potions_floor_spawned":[2,6,13],"killed_by":"Hexaghost","ascension_level":20}