{"gold_per_floor":[113,127,143,143,11,43,43,77,77,87,87,113,113,263,263,338,388,403,414,414,414,304,304],"floor_reached":23,"playtime":1043,"items_purged":[],"score":414,"play_id":"791ee770-6cca-4d8c-a5b8-5110eb973299","local_time":"20220829222624","is_ascension_mode":true,"campfire_choices":[{"data":"Flechettes","floor":7,"key":"SMITH"},{"data":"Footwork","floor":11,"key":"SMITH"},{"floor":15,"key":"REST"}],"neow_cost":"NONE","seed_source_timestamp":100812276799500,"circlet_count":0,"master_deck":["AscendersBane","Strike_G","Strike_G+1","Strike_G","Strike_G+1","Strike_G","Defend_G","Defend_G","Defend_G","Defend_G+1","Defend_G","Survivor+1","Neutralize","Flechettes+1","Backstab+1","Enlightenment","PiercingWail","Leg Sweep+1","Footwork+1","All Out Attack","Envenom"],"relics":["Runic Pyramid","Anchor","Singing Bowl","Whetstone","Calipers","War Paint","Tiny House"],"potions_floor_usage":[6,8,12,18,19,23],"damage_taken":[{"damage":0,"enemies":"Cultist","floor":1,"turns":4},{"damage":1,"enemies":"Small Slimes","floor":2,"turns":3},{"damage":0,"enemies":"2 Louse","floor":3,"turns":2},{"damage":24,"enemies":"Lagavulin","floor":6,"turns":5},{"damage":13,"enemies":"Gremlin Nob","floor":8,"turns":4},{"damage":0,"enemies":"2 Fungi Beasts","floor":10,"turns":3},{"damage":1,"enemies":"Lagavulin","floor":12,"turns":4},{"damage":21,"enemies":"Hexaghost","floor":16,"turns":15},{"damage":21,"enemies":"Chosen","floor":18,"turns":7},{"damage":1,"enemies":"Shell Parasite","floor":19,"turns":8},{"damage":43,"enemies":"Slavers","floor":23,"turns":4}],"seed_played":"6218304153997484304","potions_obtained":[{"floor":1,"key":"SneckoOil"},{"floor":3,"key":"FearPotion"},{"floor":6,"key":"Energy Potion"},{"floor":8,"key":"FearPotion"},{"floor":17,"key":"Energy Potion"},{"floor":18,"key":"Block Potion"}],"is_trial":false,"path_per_floor":["M","M","M","?","$","E","R","E","T","M","R","E","?","?","R","B",null,"M","M","?","?","?","E"],"character_chosen":"THE_SILENT","items_purchased":["Enlightenment","PiercingWail"],"campfire_rested":1,"item_purchase_floors":[5,5],"current_hp_per_floor":[59,58,58,66,66,42,42,31,31,31,31,30,4,4,24,3,59,40,41,41,41,41,0],"gold":304,"neow_bonus":"BOSS_RELIC","is_prod":false,"is_daily":false,"chose_seed":false,"campfire_upgraded":2,"win_rate":0,"timestamp":1661804784,"path_taken":["M","M","?","?","?","E","R","E","T","M","R","E","?","?","R","BOSS","M","M","?","?","?","E"],"build_version":"2022-03-07","purchased_purges":0,"victory":false,"max_hp_per_floor":[66,66,66,66,66,66,66,68,68,68,68,68,68,68,68,68,75,77,79,79,79,79,79],"card_choices":[{"not_picked":["Deflect","Bane"],"picked":"Flechettes","floor":1},{"not_picked":["Blade Dance","Slice"],"picked":"Backstab","floor":2},{"not_picked":["Catalyst","Choke","Skewer"],"picked":"SKIP","floor":3},{"not_picked":["Quick Slash","Catalyst"],"picked":"Leg Sweep","floor":6},{"not_picked":["Quick Slash","Cloak And Dagger","Backflip"],"picked":"Singing Bowl","floor":8},{"not_picked":["Bane","Flechettes"],"picked":"Footwork","floor":10},{"not_picked":["A Thousand Cuts","Cloak And Dagger"],"picked":"All Out Attack","floor":12},{"not_picked":["Corpse Explosion","Night Terror"],"picked":"Envenom","floor":16},{"not_picked":["PiercingWail","Dagger Throw","Calculated Gamble"],"picked":"Singing Bowl","floor":17},{"not_picked":["Leg Sweep","Dagger Throw","Acrobatics"],"picked":"Singing Bowl","floor":18},{"not_picked":["Deflect","Acrobatics","Unload"],"picked":"Singing Bowl","floor":19}],"player_experience":1898562,"relics_obtained":[{"floor":6,"key":"Anchor"},{"floor":8,"key":"Singing Bowl"},{"floor":9,"key":"Whetstone"},{"floor":12,"key":"Calipers"}],"event_choices":[{"damage_healed":8,"gold_gain":0,"player_choice":"Full Heal","damage_taken":0,"max_hp_gain":0,"max_hp_loss":0,"event_name":"Wheel of Change","floor":4,"gold_loss":0},{"damage_healed":0,"gold_gain":0,"player_choice":"Success","damage_taken":26,"relics_obtained":["War Paint"],"max_hp_gain":0,"max_hp_loss":0,"event_name":"Scrap Ooze","floor":13,"gold_loss":0},{"damage_healed":0,"gold_gain":150,"player_choice":"AGREE","damage_taken":0,"max_hp_gain":0,"max_hp_loss":0,"event_name":"Liars Game","floor":14,"gold_loss":0,"cards_obtained":["Doubt"]},{"damage_healed":0,"gold_gain":0,"player_choice":"Smashed Altar","damage_taken":0,"max_hp_gain":0,"max_hp_loss":0,"event_name":"Forgotten Altar","floor":20,"gold_loss":0,"cards_obtained":["Decay"]},{"cards_removed":["Doubt"],"damage_healed":0,"gold_gain":0,"player_choice":"Elegance","damage_taken":0,"max_hp_gain":0,"max_hp_loss":0,"event_name":"Back to Basics","floor":21,"gold_loss":0},{"cards_removed":["Decay"],"damage_healed":0,"gold_gain":0,"player_choice":"Upgrade and Remove","damage_taken":0,"max_hp_gain":0,"max_hp_loss":0,"event_name":"Designer","floor":22,"gold_loss":110,"cards_upgraded":["Backstab"]}],"is_beta":false,"boss_relics":[{"not_picked":["Fusion Hammer","Pandora\u0027s Box"],"picked":"Tiny House"}],"items_purged_floors":[],"is_endless":false,"potions_floor_spawned":[1,3,6,8,10,18],"killed_by":"Slavers","ascension_level":20}