{"gold_per_floor":[116,116,116,178,240,275,275],"floor_reached":7,"playtime":362,"items_purged":[],"score":102,"play_id":"650f88a6-6cea-4e87-8bfc-edb85af2aaac","local_time":"20220911153023","is_ascension_mode":true,"campfire_choices":[],"neow_cost":"CURSE","seed_source_timestamp":540800721940999,"circlet_count":0,"master_deck":["AscendersBane","Strike_G","Strike_G","Strike_G","Strike_G","Strike_G","Defend_G","Defend_G","Defend_G","Defend_G","Defend_G","Survivor","Neutralize","Clumsy","Bouncing Flask","Regret","Infinite Blades","Infinite Blades"],"relics":["Ring of the Snake","TungstenRod","Lizard Tail","SsserpentHead","Art of War"],"potions_floor_usage":[4],"damage_taken":[{"damage":0,"enemies":"Small Slimes","floor":1,"turns":3},{"damage":8,"enemies":"Jaw Worm","floor":4,"turns":4},{"damage":3,"enemies":"Cultist","floor":5,"turns":4},{"damage":54,"enemies":"3 Sentries","floor":6,"turns":12},{"damage":13,"enemies":"Gremlin Gang","floor":7,"turns":3}],"seed_played":"-4156055604537692120","potions_obtained":[{"floor":4,"key":"EntropicBrew"}],"is_trial":false,"path_per_floor":["M","?","?","M","M","E","M"],"character_chosen":"THE_SILENT","items_purchased":[],"campfire_rested":0,"item_purchase_floors":[],"current_hp_per_floor":[59,59,59,51,48,28,15],"gold":275,"neow_bonus":"ONE_RARE_RELIC","is_prod":false,"is_daily":false,"chose_seed":false,"campfire_upgraded":0,"win_rate":0,"timestamp":1662903023,"path_taken":["M","?","?","?","?","E","M"],"build_version":"2022-03-07","purchased_purges":0,"victory":false,"max_hp_per_floor":[66,66,66,66,66,66,66],"card_choices":[{"not_picked":["PiercingWail","Quick Slash"],"picked":"Bouncing Flask","floor":1},{"not_picked":["Prepared","Underhanded Strike","Blade Dance"],"picked":"SKIP","floor":4},{"not_picked":["Setup","Dagger Spray"],"picked":"Infinite Blades","floor":5},{"not_picked":["Dodge and Roll","Deflect"],"picked":"Infinite Blades","floor":6}],"player_experience":1907676,"relics_obtained":[{"floor":6,"key":"Art of War"}],"event_choices":[{"damage_healed":0,"gold_gain":0,"player_choice":"Box","damage_taken":0,"relics_obtained":["Lizard Tail"],"max_hp_gain":0,"max_hp_loss":0,"event_name":"Big Fish","floor":2,"gold_loss":0,"cards_obtained":["Regret"]},{"damage_healed":0,"gold_gain":0,"player_choice":"Trade","damage_taken":0,"relics_obtained":["SsserpentHead"],"max_hp_gain":0,"max_hp_loss":0,"event_name":"FaceTrader","floor":3,"gold_loss":0}],"is_beta":false,"boss_relics":[],"items_purged_floors":[],"is_endless":false,"potions_floor_spawned":[4,6],"killed_by":"Gremlin Gang","ascension_level":20}