{"gold_per_floor":[109,109,109,109,123,123,157,177,224,224],"floor_reached":10,"playtime":245,"items_purged":[],"score":132,"play_id":"49b2c792-ea87-4d6d-84ad-02b24e2e5752","local_time":"20220904122540","is_ascension_mode":true,"campfire_choices":[{"data":"Bouncing Flask","floor":6,"key":"SMITH"}],"neow_cost":"NONE","seed_source_timestamp":583978017690100,"circlet_count":0,"master_deck":["AscendersBane","Strike_G","Strike_G","Strike_G","Strike_G","Strike_G","Defend_G","Defend_G","Defend_G","Defend_G","Defend_G","Survivor","Neutralize","Dodge and Roll","Injury","Bouncing Flask+1","Skewer","Blur"],"relics":["Coffee Dripper","Golden Idol","Akabeko","Blood Vial"],"potions_floor_usage":[5,10],"damage_taken":[{"damage":0,"enemies":"Small Slimes","floor":1,"turns":4},{"damage":1,"enemies":"Cultist","floor":5,"turns":5},{"damage":53,"enemies":"Gremlin Nob","floor":7,"turns":5},{"damage":4,"enemies":"Jaw Worm","floor":8,"turns":2},{"damage":13,"enemies":"3 Sentries","floor":10,"turns":6}],"seed_played":"3901382956863624752","potions_obtained":[{"floor":5,"key":"Fruit Juice"},{"floor":8,"key":"ColorlessPotion"}],"is_trial":false,"path_per_floor":["M","?","?","?","M","R","E","M","T","E"],"character_chosen":"THE_SILENT","items_purchased":[],"campfire_rested":0,"item_purchase_floors":[],"current_hp_per_floor":[59,59,64,64,68,68,15,11,11,0],"gold":224,"neow_bonus":"BOSS_RELIC","is_prod":false,"is_daily":false,"chose_seed":false,"campfire_upgraded":1,"win_rate":0,"timestamp":1662287140,"path_taken":["M","?","?","?","M","R","E","M","T","E"],"build_version":"2022-03-07","purchased_purges":0,"victory":false,"max_hp_per_floor":[66,66,71,71,76,76,76,76,76,76],"card_choices":[{"not_picked":["Flying Knee","Sucker Punch"],"picked":"Dodge and Roll","floor":1},{"not_picked":["Underhanded Strike","Cloak And Dagger"],"picked":"Bouncing Flask","floor":5},{"not_picked":["Riddle With Holes","Setup"],"picked":"Skewer","floor":7},{"not_picked":["Flying Knee","Riddle With Holes"],"picked":"Blur","floor":8}],"player_experience":1902827,"relics_obtained":[{"floor":7,"key":"Akabeko"},{"floor":9,"key":"Blood Vial"}],"event_choices":[{"damage_healed":0,"gold_gain":0,"player_choice":"Fled","damage_taken":0,"max_hp_gain":0,"max_hp_loss":0,"event_name":"Scrap Ooze","floor":2,"gold_loss":0},{"damage_healed":0,"gold_gain":0,"player_choice":"Donut","damage_taken":0,"max_hp_gain":5,"max_hp_loss":0,"event_name":"Big Fish","floor":3,"gold_loss":0},{"damage_healed":0,"gold_gain":0,"player_choice":"Take Wound","damage_taken":0,"relics_obtained":["Golden Idol"],"max_hp_gain":0,"max_hp_loss":0,"event_name":"Golden Idol","floor":4,"gold_loss":0,"cards_obtained":["Injury"]}],"is_beta":false,"boss_relics":[],"items_purged_floors":[],"is_endless":false,"potions_floor_spawned":[5,8],"killed_by":"3 Sentries","ascension_level":20}