{"gold_per_floor":[112,262,280,280,555,555,589,589,640,669,680,645,672,210,210,210],"floor_reached":16,"playtime":380,"items_purged":["Regret"],"score":282,"play_id":"75bdd9bf-ee69-487b-ac8b-a74806757a05","local_time":"20221119215212","is_ascension_mode":true,"campfire_choices":[{"data":"Footwork","floor":6,"key":"SMITH"},{"data":"Caltrops","floor":8,"key":"SMITH"},{"data":"Dodge and Roll","floor":15,"key":"SMITH"}],"neow_cost":"NONE","seed_source_timestamp":563864857114400,"circlet_count":0,"master_deck":["AscendersBane","Strike_G","Strike_G","Strike_G","Strike_G","Strike_G","Defend_G","Defend_G","Defend_G","Defend_G+1","Defend_G+1","Survivor","Neutralize","Caltrops+1","Footwork+1","Reflex","Dodge and Roll+1","Underhanded Strike","Dagger Throw"],"relics":["Ring of the Snake","NeowsBlessing","War Paint","MealTicket","Juzu Bracelet","Paper Crane","Lee\u0027s Waffle","Nunchaku"],"potions_floor_usage":[10,13,13,16],"damage_taken":[{"damage":0,"enemies":"Cultist","floor":1,"turns":1},{"damage":0,"enemies":"Small Slimes","floor":3,"turns":1},{"damage":0,"enemies":"Lagavulin","floor":7,"turns":1},{"damage":26,"enemies":"3 Sentries","floor":10,"turns":10},{"damage":3,"enemies":"2 Louse","floor":11,"turns":4},{"damage":32,"enemies":"Gremlin Nob","floor":13,"turns":5},{"damage":83,"enemies":"Slime Boss","floor":16,"turns":12}],"seed_played":"348216792201743602","potions_obtained":[{"floor":1,"key":"Explosive Potion"},{"floor":3,"key":"ColorlessPotion"},{"floor":10,"key":"BlessingOfTheForge"},{"floor":13,"key":"Strength Potion"}],"is_trial":false,"path_per_floor":["M","?","M","?","?","R","E","R","T","E","M","?","E","$","R","B"],"character_chosen":"THE_SILENT","items_purchased":["Lee\u0027s Waffle","Nunchaku","Dagger Throw"],"campfire_rested":0,"item_purchase_floors":[14,14,14],"current_hp_per_floor":[59,59,59,52,52,52,52,52,52,26,23,39,7,73,73,0],"gold":210,"neow_bonus":"THREE_ENEMY_KILL","is_prod":false,"is_daily":false,"chose_seed":false,"campfire_upgraded":3,"win_rate":0,"timestamp":1668891132,"path_taken":["M","?","M","?","?","R","E","R","T","E","M","?","E","$","R","BOSS"],"build_version":"2022-10-04","purchased_purges":1,"victory":false,"max_hp_per_floor":[66,66,66,66,66,66,66,66,66,66,66,66,66,73,73,73],"card_choices":[{"not_picked":["Distraction","Blur"],"picked":"Caltrops","floor":1},{"not_picked":["Cloak And Dagger","Dagger Throw"],"picked":"Footwork","floor":3},{"not_picked":["Prepared","Concentrate","Calculated Gamble"],"picked":"SKIP","floor":7},{"not_picked":["Endless Agony","Masterful Stab"],"picked":"Reflex","floor":10},{"not_picked":["Concentrate","Flying Knee"],"picked":"Dodge and Roll","floor":11},{"not_picked":["Flying Knee","Quick Slash"],"picked":"Underhanded Strike","floor":13}],"player_experience":1952116,"relics_obtained":[{"floor":7,"key":"War Paint"},{"floor":9,"key":"MealTicket"},{"floor":10,"key":"Juzu Bracelet"},{"floor":13,"key":"Paper Crane"}],"event_choices":[{"damage_healed":0,"gold_gain":150,"player_choice":"AGREE","damage_taken":0,"max_hp_gain":0,"max_hp_loss":0,"event_name":"Liars Game","floor":2,"gold_loss":0,"cards_obtained":["Doubt"]},{"cards_removed":["Doubt"],"damage_healed":0,"gold_gain":0,"player_choice":"Card Removal","damage_taken":7,"max_hp_gain":0,"max_hp_loss":0,"event_name":"Golden Wing","floor":4,"gold_loss":0},{"damage_healed":0,"gold_gain":275,"player_choice":"Desecrate","damage_taken":0,"max_hp_gain":0,"max_hp_loss":0,"event_name":"Golden Shrine","floor":5,"gold_loss":0,"cards_obtained":["Regret"]},{"damage_healed":16,"gold_gain":0,"player_choice":"Healed","damage_taken":0,"max_hp_gain":0,"max_hp_loss":0,"event_name":"The Cleric","floor":12,"gold_loss":35}],"is_beta":false,"boss_relics":[],"items_purged_floors":[14],"is_endless":false,"potions_floor_spawned":[1,3,10,13],"killed_by":"Slime Boss","ascension_level":20}