{"gold_per_floor":[18,35,85,7,18,18,47,3,27,27,40,72,72,89,89,160,160,170,3,3,3,15,15,15],"floor_reached":24,"playtime":603,"items_purged":[],"score":408,"play_id":"8b4f9873-c6f7-4f26-9075-a29f96c76ff4","local_time":"20221120115448","is_ascension_mode":true,"campfire_choices":[{"data":"Panache","floor":6,"key":"SMITH"},{"floor":13,"key":"REST"},{"data":"Finisher","floor":15,"key":"SMITH"},{"floor":23,"key":"REST"}],"neow_cost":"NO_GOLD","seed_source_timestamp":6335098193900,"circlet_count":0,"master_deck":["AscendersBane","Survivor","Neutralize","Panache+1","All Out Attack","Escape Plan+1","Infinite Blades","Blade Dance","Cloak And Dagger+1","Infinite Blades","Finisher+1","Infinite Blades","Burst+1","Calculated Gamble","Flechettes","Grand Finale","Poisoned Stab","Storm of Steel","Setup","Terror","Concentrate","Masterful Stab","Skewer","Writhe"],"relics":["Ring of the Snake","Happy Flower","Akabeko","Snake Skull","Pandora\u0027s Box","War Paint","Singing Bowl"],"potions_floor_usage":[7,12,16,24,24],"damage_taken":[{"damage":8,"enemies":"Jaw Worm","floor":1,"turns":6},{"damage":3,"enemies":"Cultist","floor":2,"turns":4},{"damage":7,"enemies":"Small Slimes","floor":5,"turns":3},{"damage":4,"enemies":"3 Sentries","floor":7,"turns":2},{"damage":0,"enemies":"Red Slaver","floor":11,"turns":2},{"damage":20,"enemies":"Lagavulin","floor":12,"turns":4},{"damage":7,"enemies":"Exordium Wildlife","floor":14,"turns":2},{"damage":15,"enemies":"Hexaghost","floor":16,"turns":6},{"damage":44,"enemies":"3 Byrds","floor":18,"turns":4},{"damage":0,"enemies":"Chosen","floor":22,"turns":2},{"damage":34,"enemies":"Book of Stabbing","floor":24,"turns":4}],"seed_played":"-807512224631674490","potions_obtained":[{"floor":1,"key":"CunningPotion"},{"floor":2,"key":"FearPotion"},{"floor":7,"key":"Swift Potion"},{"floor":14,"key":"SpeedPotion"},{"floor":16,"key":"EssenceOfSteel"},{"floor":22,"key":"ColorlessPotion"}],"is_trial":false,"path_per_floor":["M","M","?","$","M","R","E","$","T","?","M","E","R","M","R","B",null,"M","$","?","?","M","R","E"],"character_chosen":"THE_SILENT","items_purchased":["Infinite Blades","Infinite Blades","War Paint"],"campfire_rested":2,"item_purchase_floors":[4,8,19],"current_hp_per_floor":[51,48,48,48,41,41,37,37,37,37,37,17,36,29,29,14,53,9,9,9,9,11,31,0],"gold":15,"neow_bonus":"RANDOM_COLORLESS_2","is_prod":false,"is_daily":false,"chose_seed":false,"campfire_upgraded":2,"win_rate":0,"timestamp":1668941688,"path_taken":["M","M","?","?","M","R","E","$","T","?","?","E","R","M","R","BOSS","M","$","?","?","?","R","E"],"build_version":"2022-10-04","purchased_purges":0,"victory":false,"max_hp_per_floor":[66,66,66,66,66,66,66,66,66,66,66,66,66,66,66,66,66,66,66,66,66,68,68,68],"card_choices":[{"not_picked":["Metamorphosis","Mayhem"],"picked":"Panache","floor":0},{"not_picked":["Reflex","Slice"],"picked":"All Out Attack","floor":1},{"not_picked":["Predator","Underhanded Strike"],"picked":"Escape Plan","floor":2},{"not_picked":["Bane","Crippling Poison"],"picked":"Blade Dance","floor":5},{"not_picked":["Flying Knee","Phantasmal Killer"],"picked":"Cloak And Dagger","floor":7},{"not_picked":["Bane","Deadly Poison"],"picked":"Finisher","floor":11},{"not_picked":["Slice","Underhanded Strike"],"picked":"Infinite Blades","floor":12},{"not_picked":["Outmaneuver","Poisoned Stab","Setup"],"picked":"SKIP","floor":14},{"not_picked":["Malaise","Wraith Form v2"],"picked":"Burst","floor":16},{"not_picked":["Dagger Spray","Outmaneuver","Sucker Punch"],"picked":"SKIP","floor":18},{"not_picked":["Slice","Distraction","Acrobatics"],"picked":"Singing Bowl","floor":22}],"player_experience":1955898,"relics_obtained":[{"floor":7,"key":"Happy Flower"},{"floor":9,"key":"Akabeko"},{"floor":12,"key":"Snake Skull"}],"event_choices":[{"damage_healed":0,"gold_gain":50,"player_choice":"Pray","damage_taken":0,"max_hp_gain":0,"max_hp_loss":0,"event_name":"Golden Shrine","floor":3,"gold_loss":0},{"damage_healed":0,"gold_gain":0,"player_choice":"Upgraded","damage_taken":0,"max_hp_gain":0,"max_hp_loss":0,"event_name":"Upgrade Shrine","floor":10,"gold_loss":0,"cards_upgraded":["Cloak And Dagger"]},{"damage_healed":0,"gold_gain":0,"player_choice":"Opened","damage_taken":0,"relics_obtained":["Singing Bowl"],"max_hp_gain":0,"max_hp_loss":0,"event_name":"The Mausoleum","floor":20,"gold_loss":0,"cards_obtained":["Writhe"]},{"damage_healed":0,"gold_gain":0,"player_choice":"Ignored","damage_taken":0,"max_hp_gain":0,"max_hp_loss":0,"event_name":"Cursed Tome","floor":21,"gold_loss":0}],"is_beta":false,"boss_relics":[{"not_picked":["Ectoplasm","Runic Pyramid"],"picked":"Pandora\u0027s Box"}],"items_purged_floors":[],"is_endless":false,"potions_floor_spawned":[1,2,7,14,16,22],"killed_by":"Book of Stabbing","ascension_level":20}