{"gold_per_floor":[117,192,192,209,224,224,224,234,258,258],"floor_reached":10,"playtime":233,"items_purged":[],"score":116,"play_id":"0d8d1be9-23ca-48a4-a000-8cfeeb4ed66a","local_time":"20230116212800","is_ascension_mode":true,"campfire_choices":[{"data":"All Out Attack","floor":6,"key":"SMITH"}],"neow_cost":"NONE","seed_source_timestamp":8433354371199,"circlet_count":0,"master_deck":["AscendersBane","Strike_G+1","Strike_G","Strike_G+1","Strike_G","Defend_G","Defend_G","Defend_G","Defend_G","Survivor","Neutralize","Concentrate","All Out Attack+1","Backflip"],"relics":["Ring of the Snake","NeowsBlessing","Whetstone"],"potions_floor_usage":[10],"damage_taken":[{"damage":0,"enemies":"Small Slimes","floor":1,"turns":1},{"damage":0,"enemies":"2 Louse","floor":4,"turns":1},{"damage":0,"enemies":"Cultist","floor":5,"turns":1},{"damage":9,"enemies":"3 Louse","floor":8,"turns":2},{"damage":58,"enemies":"Lagavulin","floor":10,"turns":9}],"seed_played":"9188341478976979308","potions_obtained":[{"floor":8,"key":"AttackPotion"}],"is_trial":false,"path_per_floor":["M","?","?","M","M","R","?","M","T","E"],"character_chosen":"THE_SILENT","items_purchased":[],"campfire_rested":0,"item_purchase_floors":[],"current_hp_per_floor":[59,48,48,48,48,48,48,39,39,0],"gold":258,"neow_bonus":"THREE_ENEMY_KILL","is_prod":false,"is_daily":false,"chose_seed":false,"campfire_upgraded":1,"win_rate":0,"timestamp":1673900880,"path_taken":["M","?","?","?","M","R","?","?","T","E"],"build_version":"2022-12-18","purchased_purges":0,"victory":false,"max_hp_per_floor":[66,66,66,66,66,66,66,66,66,66],"card_choices":[{"not_picked":["Dodge and Roll","Prepared"],"picked":"Concentrate","floor":1},{"not_picked":["Prepared","Masterful Stab"],"picked":"All Out Attack","floor":4},{"not_picked":["Underhanded Strike","Deflect","Outmaneuver"],"picked":"SKIP","floor":5},{"not_picked":["Dagger Throw","Deflect"],"picked":"Backflip","floor":8}],"player_experience":1999607,"relics_obtained":[{"floor":9,"key":"Whetstone"}],"event_choices":[{"damage_healed":0,"gold_gain":75,"player_choice":"Gather Gold","damage_taken":11,"max_hp_gain":0,"max_hp_loss":0,"event_name":"World of Goop","floor":2,"gold_loss":0},{"cards_removed":["Strike_G"],"damage_healed":0,"gold_gain":0,"player_choice":"Offered Basic","damage_taken":0,"max_hp_gain":0,"max_hp_loss":0,"event_name":"Bonfire Elementals","floor":3,"gold_loss":0},{"cards_removed":["Defend_G"],"damage_healed":0,"gold_gain":0,"player_choice":"Purged","damage_taken":0,"max_hp_gain":0,"max_hp_loss":0,"event_name":"Purifier","floor":7,"gold_loss":0}],"is_beta":false,"boss_relics":[],"items_purged_floors":[],"is_endless":false,"potions_floor_spawned":[8],"killed_by":"Lagavulin","ascension_level":20}