{"gold_per_floor":[367,367,367,337,352,352,379,399,423,71,146,180,200,35,35,35],"floor_reached":16,"playtime":406,"items_purged":[],"score":266,"play_id":"e12c1f7d-3de0-4780-b0de-96e13367e635","local_time":"20230118103124","is_ascension_mode":true,"campfire_choices":[{"data":"Predator","floor":6,"key":"SMITH"},{"data":"Magnetism","floor":15,"key":"SMITH"}],"neow_cost":"PERCENT_DAMAGE","seed_source_timestamp":141667215876100,"circlet_count":0,"master_deck":["AscendersBane","Strike_G","Strike_G","Strike_G","Strike_G","Strike_G","Defend_G","Defend_G","Defend_G","Defend_G","Defend_G","Survivor","Neutralize","Predator+1","Terror","Distraction","Quick Slash","Magnetism+1","Blur"],"relics":["Ring of the Snake","Dream Catcher","Bottled Lightning","Bronze Scales","HandDrill","Smiling Mask","Tiny Chest"],"potions_floor_usage":[7,7,12,13],"damage_taken":[{"damage":3,"enemies":"2 Louse","floor":1,"turns":4},{"damage":0,"enemies":"Cultist","floor":5,"turns":3},{"damage":5,"enemies":"3 Sentries","floor":7,"turns":7},{"damage":0,"enemies":"Small Slimes","floor":8,"turns":3},{"damage":0,"enemies":"Gremlin Nob","floor":12,"turns":2},{"damage":0,"enemies":"Exordium Thugs","floor":13,"turns":2},{"damage":21,"enemies":"Hexaghost","floor":16,"turns":10}],"seed_played":"8901531901886876270","potions_obtained":[{"floor":4,"key":"Energy Potion"},{"floor":4,"key":"DuplicationPotion"},{"floor":8,"key":"LiquidMemories"},{"floor":12,"key":"SteroidPotion"}],"is_trial":false,"path_per_floor":["M","?","?","?","M","R","E","M","T","$","?","E","M","$","R","B"],"character_chosen":"THE_SILENT","items_purchased":["HandDrill","Magnetism","Tiny Chest"],"campfire_rested":0,"item_purchase_floors":[10,10,14],"current_hp_per_floor":[41,41,34,34,34,34,29,29,29,29,18,18,18,18,18,0],"gold":35,"neow_bonus":"TWO_FIFTY_GOLD","is_prod":false,"is_daily":false,"chose_seed":false,"campfire_upgraded":2,"win_rate":0,"timestamp":1674034284,"path_taken":["M","?","?","?","?","R","E","M","T","$","?","E","M","$","R","BOSS"],"build_version":"2022-12-18","purchased_purges":0,"victory":false,"max_hp_per_floor":[66,66,66,66,66,66,66,66,66,66,66,66,66,66,66,66],"card_choices":[{"not_picked":["Blade Dance","Choke"],"picked":"Predator","floor":1},{"not_picked":["Dagger Spray","Acrobatics"],"picked":"Terror","floor":5},{"not_picked":["Finisher","Dash"],"picked":"Distraction","floor":7},{"not_picked":["Dodge and Roll","Noxious Fumes"],"picked":"Quick Slash","floor":8},{"not_picked":["Expertise","Noxious Fumes","Eviscerate"],"picked":"SKIP","floor":12},{"not_picked":["Expertise","Heel Hook"],"picked":"Blur","floor":13}],"player_experience":2009624,"relics_obtained":[{"floor":7,"key":"Bottled Lightning"},{"floor":9,"key":"Bronze Scales"},{"floor":12,"key":"Smiling Mask"}],"event_choices":[{"damage_healed":0,"gold_gain":0,"player_choice":"Box","damage_taken":0,"relics_obtained":["Dream Catcher"],"max_hp_gain":0,"max_hp_loss":0,"event_name":"Big Fish","floor":2,"gold_loss":0,"cards_obtained":["Regret"]},{"cards_removed":["Regret"],"damage_healed":0,"gold_gain":0,"player_choice":"Card Removal","damage_taken":7,"max_hp_gain":0,"max_hp_loss":0,"event_name":"Golden Wing","floor":3,"gold_loss":0},{"damage_healed":0,"gold_gain":0,"player_choice":"Bought 2 Potions","damage_taken":0,"max_hp_gain":0,"max_hp_loss":0,"event_name":"The Woman in Blue","floor":4,"gold_loss":0},{"damage_healed":0,"gold_gain":75,"player_choice":"Gather Gold","damage_taken":11,"max_hp_gain":0,"max_hp_loss":0,"event_name":"World of Goop","floor":11,"gold_loss":0}],"is_beta":false,"boss_relics":[],"items_purged_floors":[],"is_endless":false,"potions_floor_spawned":[5,8,12],"killed_by":"Hexaghost","ascension_level":20}