{"gold_per_floor":[10,10,10,26,45,45,65,65,65,65,39,56,71,104,104,104],"floor_reached":16,"playtime":604,"items_purged":[],"score":204,"play_id":"b0fdf049-a284-40f1-b791-42a5b9b17550","local_time":"20230122111202","is_ascension_mode":true,"campfire_choices":[{"data":"Dagger Spray","floor":6,"key":"SMITH"},{"floor":8,"key":"REST"},{"floor":10,"key":"REST"},{"data":"Bullet Time","floor":15,"key":"SMITH"}],"neow_cost":"NO_GOLD","seed_source_timestamp":1330602481500,"circlet_count":0,"master_deck":["AscendersBane","Strike_G","Strike_G","Strike_G","Strike_G","Strike_G","Defend_G","Defend_G","Defend_G","Defend_G","Defend_G","Survivor","Neutralize","Burst+1","Dagger Spray+1","Dagger Throw","Distraction","Bullet Time+1","Flying Knee","Setup","Expertise","Noxious Fumes+1"],"relics":["Ring of the Snake","Question Card","Frozen Egg 2","Mango"],"potions_floor_usage":[12,13,14,16],"damage_taken":[{"damage":1,"enemies":"Jaw Worm","floor":1,"turns":6},{"damage":0,"enemies":"Small Slimes","floor":4,"turns":5},{"damage":0,"enemies":"Cultist","floor":5,"turns":3},{"damage":19,"enemies":"Lots of Slimes","floor":7,"turns":5},{"damage":0,"enemies":"Looter","floor":12,"turns":2},{"damage":14,"enemies":"Exordium Thugs","floor":13,"turns":4},{"damage":12,"enemies":"Lagavulin","floor":14,"turns":6},{"damage":32,"enemies":"Hexaghost","floor":16,"turns":9}],"seed_played":"-7326270675055650016","potions_obtained":[{"floor":1,"key":"FearPotion"},{"floor":7,"key":"ColorlessPotion"},{"floor":12,"key":"SkillPotion"},{"floor":13,"key":"CultistPotion"}],"is_trial":false,"path_per_floor":["M","?","?","M","M","R","M","R","T","R","$","M","M","E","R","B"],"character_chosen":"THE_SILENT","items_purchased":["Flying Knee"],"campfire_rested":2,"item_purchase_floors":[11],"current_hp_per_floor":[58,58,23,23,23,23,4,23,23,42,42,42,28,30,30,0],"gold":104,"neow_bonus":"THREE_RARE_CARDS","is_prod":false,"is_daily":false,"chose_seed":false,"campfire_upgraded":2,"win_rate":0,"timestamp":1674382322,"path_taken":["M","?","?","?","M","R","M","R","T","R","$","?","?","E","R","BOSS"],"build_version":"2022-12-18","purchased_purges":0,"victory":false,"max_hp_per_floor":[66,66,66,66,66,66,66,66,66,66,66,66,66,80,80,80],"card_choices":[{"not_picked":["Envenom","Adrenaline"],"picked":"Burst","floor":0},{"not_picked":["Accuracy","Eviscerate"],"picked":"Dagger Spray","floor":1},{"not_picked":["Outmaneuver","Escape Plan","Quick Slash"],"picked":"Dagger Throw","floor":4},{"not_picked":["Outmaneuver","Masterful Stab","Poisoned Stab"],"picked":"Distraction","floor":5},{"not_picked":["Dagger Throw","Caltrops","Poisoned Stab"],"picked":"Bullet Time","floor":7},{"not_picked":["Poisoned Stab","Quick Slash","Blade Dance"],"picked":"Setup","floor":12},{"not_picked":["Dagger Throw","Bane","Terror"],"picked":"Expertise","floor":13},{"not_picked":["Dagger Throw","Prepared","Backstab"],"picked":"Noxious Fumes+1","floor":14}],"player_experience":2021068,"relics_obtained":[{"floor":9,"key":"Frozen Egg 2"},{"floor":14,"key":"Mango"}],"event_choices":[{"damage_healed":0,"gold_gain":0,"player_choice":"Grow","damage_taken":0,"max_hp_gain":0,"max_hp_loss":0,"event_name":"Living Wall","floor":2,"gold_loss":0,"cards_upgraded":["Burst"]},{"damage_healed":0,"gold_gain":0,"player_choice":"Success","damage_taken":35,"relics_obtained":["Question Card"],"max_hp_gain":0,"max_hp_loss":0,"event_name":"Scrap Ooze","floor":3,"gold_loss":0}],"is_beta":false,"boss_relics":[],"items_purged_floors":[],"is_endless":false,"potions_floor_spawned":[1,7,12,13],"killed_by":"Hexaghost","ascension_level":20}