{"gold_per_floor":[109,109,184,109,384,423,423,461,461,479,494,494],"floor_reached":12,"playtime":183,"items_purged":["Injury"],"score":272,"play_id":"d315bcd3-8fe7-4d6d-a82e-002c48834599","local_time":"20230122172646","is_ascension_mode":true,"campfire_choices":[{"data":"Malaise","floor":7,"key":"SMITH"}],"neow_cost":"NONE","seed_source_timestamp":512414189367500,"circlet_count":0,"master_deck":["AscendersBane","Strike_G","Strike_G","Strike_G","Strike_G","Strike_G","Defend_G","Defend_G","Defend_G","Defend_G","Defend_G","Survivor","Neutralize","Calculated Gamble","Regret","Malaise+1","Underhanded Strike","Prepared","Reflex"],"relics":["Ring of the Snake","NeowsBlessing","Golden Idol","Pantograph","Anchor","Frozen Egg 2"],"potions_floor_usage":[6],"damage_taken":[{"damage":0,"enemies":"Small Slimes","floor":1,"turns":1},{"damage":0,"enemies":"3 Sentries","floor":6,"turns":1},{"damage":0,"enemies":"Lagavulin","floor":8,"turns":1},{"damage":5,"enemies":"2 Louse","floor":10,"turns":3},{"damage":1,"enemies":"Cultist","floor":11,"turns":5},{"damage":47,"enemies":"Gremlin Nob","floor":12,"turns":5}],"seed_played":"-5286862318724203026","potions_obtained":[{"floor":1,"key":"DistilledChaos"},{"floor":10,"key":"PowerPotion"}],"is_trial":false,"path_per_floor":["M","?","?","$","?","E","R","E","T","M","M","E"],"character_chosen":"THE_SILENT","items_purchased":[],"campfire_rested":0,"item_purchase_floors":[],"current_hp_per_floor":[59,59,48,48,48,48,48,48,48,43,42,0],"gold":494,"neow_bonus":"THREE_ENEMY_KILL","is_prod":false,"is_daily":false,"chose_seed":false,"campfire_upgraded":1,"win_rate":0,"timestamp":1674404806,"path_taken":["M","?","?","$","?","E","R","E","T","M","M","E"],"build_version":"2022-12-18","purchased_purges":1,"victory":false,"max_hp_per_floor":[66,66,66,66,66,66,66,66,66,66,66,66],"card_choices":[{"not_picked":["Heel Hook","Deadly Poison"],"picked":"Calculated Gamble","floor":1},{"not_picked":["Die Die Die","Blade Dance"],"picked":"Malaise","floor":6},{"not_picked":["Infinite Blades","Slice"],"picked":"Underhanded Strike","floor":8},{"not_picked":["Deflect","Choke"],"picked":"Prepared","floor":10},{"not_picked":["PiercingWail","Acrobatics"],"picked":"Reflex","floor":11}],"player_experience":2028942,"relics_obtained":[{"floor":6,"key":"Pantograph"},{"floor":8,"key":"Anchor"},{"floor":9,"key":"Frozen Egg 2"}],"event_choices":[{"damage_healed":0,"gold_gain":0,"player_choice":"Take Wound","damage_taken":0,"relics_obtained":["Golden Idol"],"max_hp_gain":0,"max_hp_loss":0,"event_name":"Golden Idol","floor":2,"gold_loss":0,"cards_obtained":["Injury"]},{"damage_healed":0,"gold_gain":75,"player_choice":"Gather Gold","damage_taken":11,"max_hp_gain":0,"max_hp_loss":0,"event_name":"World of Goop","floor":3,"gold_loss":0},{"damage_healed":0,"gold_gain":275,"player_choice":"Desecrate","damage_taken":0,"max_hp_gain":0,"max_hp_loss":0,"event_name":"Golden Shrine","floor":5,"gold_loss":0,"cards_obtained":["Regret"]}],"is_beta":false,"boss_relics":[],"items_purged_floors":[4],"is_endless":false,"potions_floor_spawned":[1,10],"killed_by":"Gremlin Nob","ascension_level":20}