{"gold_per_floor":[110,110,110,110,35,75,75,119,119,119,158,158,158,178,178,274,274,288,22,45,64,85,85,85],"floor_reached":24,"playtime":858,"items_purged":["Regret"],"score":524,"play_id":"c276b21b-db4d-4983-8ba7-0d83d48b2dd9","local_time":"20230122174117","is_ascension_mode":true,"campfire_choices":[{"data":"Eviscerate","floor":7,"key":"SMITH"},{"floor":10,"key":"REST"},{"floor":12,"key":"REST"},{"data":"Malaise","floor":15,"key":"SMITH"},{"floor":23,"key":"REST"}],"neow_cost":"NONE","seed_source_timestamp":512609657841400,"circlet_count":0,"master_deck":["AscendersBane","Strike_G","Strike_G+1","Strike_G","Strike_G","Defend_G","Defend_G","Defend_G","Defend_G","Defend_G","Survivor","Neutralize","Acrobatics+1","Eviscerate+1","Reflex","Malaise+1","Eviscerate","After Image","All Out Attack","Prepared","Panache","Tools of the Trade","Terror","Acrobatics","Well Laid Plans+1","Reflex","Backflip+1"],"relics":["Ring of the Snake","NeowsBlessing","Golden Idol","Pocketwatch","Prayer Wheel","Omamori","Centennial Puzzle","Unceasing Top","Philosopher\u0027s Stone"],"potions_floor_usage":[16,24,24],"damage_taken":[{"damage":0,"enemies":"Small Slimes","floor":1,"turns":1},{"damage":0,"enemies":"Gremlin Nob","floor":6,"turns":1},{"damage":0,"enemies":"3 Sentries","floor":8,"turns":1},{"damage":21,"enemies":"Gremlin Nob","floor":11,"turns":4},{"damage":0,"enemies":"2 Louse","floor":14,"turns":3},{"damage":16,"enemies":"The Guardian","floor":16,"turns":15},{"damage":20,"enemies":"3 Byrds","floor":18,"turns":7},{"damage":1,"enemies":"Spheric Guardian","floor":20,"turns":4},{"damage":6,"enemies":"Snake Plant","floor":21,"turns":4},{"damage":4,"enemies":"Cultist and Chosen","floor":22,"turns":5},{"damage":44,"enemies":"Book of Stabbing","floor":24,"turns":6}],"seed_played":"2535682812816855262","potions_obtained":[{"floor":6,"key":"BlessingOfTheForge"},{"floor":20,"key":"ColorlessPotion"},{"floor":21,"key":"SpeedPotion"}],"is_trial":false,"path_per_floor":["M","?","?","?","$","E","R","E","T","R","E","R","?","M","R","B",null,"M","$","M","M","M","R","E"],"character_chosen":"THE_SILENT","items_purchased":["Panache","Tools of the Trade"],"campfire_rested":3,"item_purchase_floors":[19,19],"current_hp_per_floor":[59,39,16,16,16,16,16,16,16,35,14,33,33,33,33,17,54,34,34,33,27,23,42,0],"gold":85,"neow_bonus":"THREE_ENEMY_KILL","is_prod":false,"is_daily":false,"chose_seed":false,"campfire_upgraded":2,"win_rate":0,"timestamp":1674405677,"path_taken":["M","?","?","?","$","E","R","E","T","R","E","R","?","M","R","BOSS","M","$","M","M","M","R","E"],"build_version":"2022-12-18","purchased_purges":1,"victory":false,"max_hp_per_floor":[66,66,66,66,66,66,66,66,66,66,66,66,66,66,66,66,66,66,66,66,66,66,66,66],"card_choices":[{"not_picked":["Backflip","Outmaneuver"],"picked":"Acrobatics","floor":1},{"not_picked":["Slice","Sucker Punch"],"picked":"Eviscerate","floor":6},{"not_picked":["Crippling Poison","Concentrate"],"picked":"Reflex","floor":8},{"not_picked":["Masterful Stab","Quick Slash"],"picked":"Malaise","floor":11},{"not_picked":["Bane","Crippling Poison"],"picked":"Eviscerate","floor":14},{"not_picked":["Skewer","Cloak And Dagger","Dodge and Roll"],"picked":"SKIP","floor":14},{"not_picked":["Grand Finale","Wraith Form v2"],"picked":"After Image","floor":16},{"not_picked":["Dagger Spray","Blade Dance"],"picked":"All Out Attack","floor":18},{"not_picked":["Quick Slash","Backflip"],"picked":"Prepared","floor":18},{"not_picked":["Setup","Quick Slash+1"],"picked":"Terror","floor":20},{"not_picked":["Dagger Throw","Endless Agony"],"picked":"Acrobatics","floor":20},{"not_picked":["Acrobatics","PiercingWail"],"picked":"Well Laid Plans+1","floor":21},{"not_picked":["Endless Agony+1","Acrobatics","Backflip"],"picked":"SKIP","floor":21},{"not_picked":["Bouncing Flask+1","Burst"],"picked":"Reflex","floor":22},{"not_picked":["Cloak And Dagger","Blade Dance"],"picked":"Backflip+1","floor":22}],"player_experience":2029125,"relics_obtained":[{"floor":6,"key":"Prayer Wheel"},{"floor":8,"key":"Omamori"},{"floor":9,"key":"Centennial Puzzle"},{"floor":11,"key":"Unceasing Top"}],"event_choices":[{"damage_healed":0,"gold_gain":0,"player_choice":"Entered Light","damage_taken":20,"max_hp_gain":0,"max_hp_loss":0,"event_name":"Shining Light","floor":2,"gold_loss":0,"cards_upgraded":["Strike_G","Acrobatics"]},{"damage_healed":0,"gold_gain":0,"player_choice":"Take Damage","damage_taken":23,"relics_obtained":["Golden Idol"],"max_hp_gain":0,"max_hp_loss":0,"event_name":"Golden Idol","floor":3,"gold_loss":0},{"damage_healed":0,"gold_gain":0,"player_choice":"Box","damage_taken":0,"relics_obtained":["Pocketwatch"],"max_hp_gain":0,"max_hp_loss":0,"event_name":"Big Fish","floor":4,"gold_loss":0,"cards_obtained":["Regret"]},{"cards_removed":["Strike_G"],"damage_healed":0,"gold_gain":0,"player_choice":"Purged","damage_taken":0,"max_hp_gain":0,"max_hp_loss":0,"event_name":"Purifier","floor":13,"gold_loss":0}],"is_beta":false,"boss_relics":[{"not_picked":["WristBlade","Runic Pyramid"],"picked":"Philosopher\u0027s Stone"}],"items_purged_floors":[5],"is_endless":false,"potions_floor_spawned":[6,20,21],"killed_by":"Book of Stabbing","ascension_level":20}