{"gold_per_floor":[362,12,42,42,42,91,146,198,198,233,279,279,33,100,100,202,202,238,307,307,370,30,109,146,146,146,185,215,215,44,89,89,186,186,223,498,40,75,119,119,179,179,256,298,323,91,131,188,188,213,213],"floor_reached":52,"playtime":3586,"items_purged":["Strike_G","Catalyst","Regret"],"score":2003,"play_id":"d7300781-0ef0-4a93-8228-13556f384291","local_time":"20230120114055","is_ascension_mode":true,"campfire_choices":[{"data":"HandOfGreed","floor":12.0,"key":"SMITH"},{"floor":15.0,"key":"REST"},{"floor":25.0,"key":"REST"},{"data":"Doppelganger","floor":29,"key":"SMITH"},{"data":"Doppelganger","floor":32,"key":"SMITH"},{"data":"Violence","floor":40,"key":"SMITH"},{"data":"Tactician","floor":42,"key":"SMITH"},{"floor":49,"key":"REST"}],"neow_cost":"CURSE","seed_source_timestamp":168880878700,"circlet_count":0,"master_deck":["AscendersBane","Survivor","Neutralize","Dagger Spray","HandOfGreed+1","Shrug It Off","Gash","Beam Cell","Gash","Stack","Protect","Core Surge","Seek+1","Doppelganger+1","Calculated Gamble","Die Die Die","Doppelganger+1","Outmaneuver","Tools of the Trade","Prepared","Glass Knife","Evaluate","BootSequence","Gash","Expertise","Gash","Enlightenment","Impatience+1","Violence+1","Tactician+1","Transmutation","Acrobatics","Reprogram"],"special_seed":0,"relics":["Ring of the Snake","PrismaticShard","Meat on the Bone","Kunai","Strawberry","Ancient Tea Set","Pandora\u0027s Box","ClockworkSouvenir","Oddly Smooth Stone","Potion Belt","Centennial Puzzle","Busted Crown","Pocketwatch","Blue Candle","Lizard Tail","Medical Kit","Nunchaku"],"potions_floor_usage":[33,38,41,50,51,51],"damage_taken":[{"damage":3.0,"enemies":"Cultist","floor":1.0,"turns":5.0},{"damage":10.0,"enemies":"Small Slimes","floor":3.0,"turns":3.0},{"damage":40.0,"enemies":"Lagavulin","floor":6.0,"turns":6.0},{"damage":0.0,"enemies":"2 Louse","floor":7.0,"turns":4.0},{"damage":14.0,"enemies":"Gremlin Gang","floor":8.0,"turns":7.0},{"damage":3.0,"enemies":"Blue Slaver","floor":10.0,"turns":3.0},{"damage":21.0,"enemies":"3 Sentries","floor":11.0,"turns":8.0},{"damage":4.0,"enemies":"Exordium Wildlife","floor":14.0,"turns":6.0},{"damage":45.0,"enemies":"The Guardian","floor":16.0,"turns":15.0},{"damage":19.0,"enemies":"Shell Parasite","floor":18.0,"turns":7.0},{"damage":24.0,"enemies":"2 Thieves","floor":19.0,"turns":5.0},{"damage":26.0,"enemies":"Centurion and Healer","floor":21.0,"turns":10.0},{"damage":9.0,"enemies":"Slavers","floor":23.0,"turns":4.0},{"damage":12.0,"enemies":"Snake Plant","floor":24.0,"turns":3.0},{"damage":0.0,"enemies":"Snecko","floor":27.0,"turns":3.0},{"damage":5,"enemies":"Gremlin Leader","floor":28,"turns":4},{"damage":0,"enemies":"3 Cultists","floor":31,"turns":4},{"damage":12,"enemies":"Automaton","floor":33,"turns":7},{"damage":0,"enemies":"3 Darklings","floor":35,"turns":4},{"damage":1,"enemies":"3 Shapes","floor":38,"turns":2},{"damage":0,"enemies":"3 Darklings","floor":39,"turns":6},{"damage":11,"enemies":"Nemesis","floor":41,"turns":7},{"damage":14,"enemies":"Writhing Mass","floor":44,"turns":4},{"damage":0,"enemies":"Mind Bloom Boss Battle","floor":45,"turns":3},{"damage":5,"enemies":"Spire Growth","floor":47,"turns":5},{"damage":0,"enemies":"Giant Head","floor":48,"turns":5},{"damage":23,"enemies":"Donu and Deca","floor":50,"turns":6},{"damage":73,"enemies":"Awakened One","floor":51,"turns":11}],"seed_played":"-7018314478421877253","potions_obtained":[{"floor":1.0,"key":"ColorlessPotion"},{"floor":3.0,"key":"CunningPotion"},{"floor":6.0,"key":"Poison Potion"},{"floor":16.0,"key":"SpeedPotion"},{"floor":21.0,"key":"ColorlessPotion"},{"floor":23.0,"key":"ColorlessPotion"},{"floor":28,"key":"SkillPotion"},{"floor":31,"key":"BlessingOfTheForge"},{"floor":35,"key":"Dexterity Potion"},{"floor":38,"key":"Fire Potion"},{"floor":44,"key":"Explosive Potion"}],"is_trial":false,"path_per_floor":["M","$","M","$","?","E","M","M","T","M","E","R","$","M","R","B",null,"M","M","?","M","$","E","M","R","T","M","E","R","$","M","R","B",null,"M","?","$","M","M","R","E","R","T","M","?","$","M","E","R","B","B",null],"character_chosen":"THE_SILENT","items_purchased":["PrismaticShard","HandOfGreed","Ancient Tea Set","ClockworkSouvenir","Expertise","Centennial Puzzle","Tactician","Strength Potion","Transmutation","Medical Kit","Acrobatics"],"campfire_rested":3,"item_purchase_floors":[2,2,13,22,22,30,37,37,37,46,46],"current_hp_per_floor":[56,56,46,46,46,6,18,16,16,25,23,23,23,31,52,19,60,41,29,29,15,15,18,18,39,39,39,46,46,46,46,46,46,66,66,66,66,65,65,65,54,54,54,40,40,40,47,47,68,45,28],"gold":213,"neow_bonus":"TWO_FIFTY_GOLD","is_prod":false,"is_daily":false,"chose_seed":false,"campfire_upgraded":5,"win_rate":0,"timestamp":1674211255,"path_taken":["M","$","M","?","?","E","?","M","T","M","E","R","$","M","R","BOSS","M","?","?","M","?","E","?","R","T","M","E","R","$","M","R","BOSS","M","?","$","?","M","R","E","R","T","M","?","?","M","E","R","BOSS","BOSS"],"build_version":"2022-12-18","purchased_purges":3,"victory":true,"max_hp_per_floor":[66,66,66,66,66,66,66,66,66,66,73,73,73,73,73,73,73,73,73,73,73,73,73,73,73,73,73,73,73,73,73,73,73,73,73,73,73,73,73,73,73,73,73,73,73,73,73,73,73,73,73],"card_choices":[{"not_picked":["Well Laid Plans","Flying Knee"],"picked":"Dagger Spray","floor":1.0},{"not_picked":["True Grit","Sanctity"],"picked":"Shrug It Off","floor":3.0},{"not_picked":["Anger","Tactician"],"picked":"Gash","floor":6.0},{"not_picked":["Poisoned Stab","Dagger Spray"],"picked":"Beam Cell","floor":7.0},{"not_picked":["Accuracy","Uppercut"],"picked":"Gash","floor":8.0},{"not_picked":["Outmaneuver","Deflect"],"picked":"Stack","floor":10.0},{"not_picked":["Conserve Battery","Reckless Charge"],"picked":"Protect","floor":11.0},{"not_picked":["All Out Attack","Iron Wave"],"picked":"Core Surge","floor":14.0},{"not_picked":["Burst","Impervious"],"picked":"Seek","floor":16.0},{"not_picked":["Leap","Loop"],"picked":"Evaluate","floor":18.0},{"not_picked":["Dash","Thunderclap"],"picked":"BootSequence","floor":19.0},{"not_picked":["Sweeping Beam","Metallicize"],"picked":"Gash","floor":21.0},{"not_picked":["Dagger Spray","Iron Wave"],"picked":"Gash","floor":23.0},{"not_picked":["BowlingBash","LikeWater","Anger"],"picked":"SKIP","floor":24.0},{"not_picked":["Streamline","Choke"],"picked":"Enlightenment","floor":27.0},{"not_picked":["Acrobatics","Protect+1"],"picked":"Impatience+1","floor":28},{"not_picked":["PathToVictory+1","Setup","Blind"],"picked":"SKIP","floor":31},{"not_picked":["Offering","Mayhem"],"picked":"Violence","floor":33},{"not_picked":["Steam+1"],"picked":"SKIP","floor":35},{"not_picked":["Forethought+1"],"picked":"SKIP","floor":38},{"not_picked":["Static Discharge"],"picked":"SKIP","floor":39},{"not_picked":["Enlightenment"],"picked":"SKIP","floor":41},{"not_picked":["Underhanded Strike"],"picked":"SKIP","floor":44},{"not_picked":[],"picked":"Reprogram","floor":47},{"not_picked":["Acrobatics"],"picked":"SKIP","floor":48}],"player_experience":2018871,"relics_obtained":[{"floor":6.0,"key":"Meat on the Bone"},{"floor":9.0,"key":"Kunai"},{"floor":11.0,"key":"Strawberry"},{"floor":23.0,"key":"Oddly Smooth Stone"},{"floor":28,"key":"Potion Belt"},{"floor":41,"key":"Pocketwatch"},{"floor":43,"key":"Blue Candle"},{"floor":45,"key":"Lizard Tail"},{"floor":48,"key":"Nunchaku"}],"event_choices":[{"cards_removed":["Injury"],"damage_healed":0.0,"max_hp_gain":0.0,"max_hp_loss":0.0,"gold_gain":0.0,"event_name":"Purifier","player_choice":"Purged","floor":5.0,"gold_loss":0.0,"damage_taken":0.0},{"damage_healed":0.0,"max_hp_gain":0.0,"max_hp_loss":0.0,"gold_gain":0.0,"event_name":"Accursed Blacksmith","player_choice":"Forge","floor":20.0,"gold_loss":0.0,"damage_taken":0.0,"cards_upgraded":["Seek"]},{"damage_healed":0,"gold_gain":275,"player_choice":"Desecrate","damage_taken":0,"max_hp_gain":0,"max_hp_loss":0,"event_name":"Golden Shrine","floor":36,"gold_loss":0,"cards_obtained":["Regret"]},{"damage_healed":0,"gold_gain":0,"player_choice":"Fight","damage_taken":0,"max_hp_gain":0,"max_hp_loss":0,"event_name":"MindBloom","floor":45,"gold_loss":0}],"is_beta":false,"boss_relics":[{"not_picked":["Coffee Dripper","Tiny House"],"picked":"Pandora\u0027s Box"},{"not_picked":["Empty Cage","Ring of the Serpent"],"picked":"Busted Crown"}],"items_purged_floors":[13,22,37],"is_endless":false,"potions_floor_spawned":[1,3,6,16,21,23,28,31,35,38,44,45],"ascension_level":20}