{"gold_per_floor":[114,264,24,24,41,74,100,138,176,205,217],"floor_reached":11,"playtime":178,"items_purged":["Doubt"],"score":216,"play_id":"d172d586-72d5-4459-a5d8-ea687f8efa0b","local_time":"20230205125701","is_ascension_mode":true,"campfire_choices":[],"neow_cost":"NONE","seed_source_timestamp":792377814121100,"circlet_count":0,"master_deck":["AscendersBane","Strike_G","Strike_G","Strike_G","Strike_G","Strike_G","Defend_G","Defend_G","Defend_G","Defend_G","Defend_G","Survivor","Neutralize","Dagger Spray","Flechettes","Unload","Backflip","Underhanded Strike"],"relics":["Ring of the Snake","NeowsBlessing","Chemical X","Smiling Mask","MawBank","Gremlin Horn","Regal Pillow"],"potions_floor_usage":[8,8],"damage_taken":[{"damage":0,"enemies":"Small Slimes","floor":1,"turns":1},{"damage":0,"enemies":"2 Louse","floor":5,"turns":1},{"damage":0,"enemies":"Lagavulin","floor":6,"turns":1},{"damage":4,"enemies":"Jaw Worm","floor":7,"turns":3},{"damage":8,"enemies":"Gremlin Nob","floor":8,"turns":3},{"damage":8,"enemies":"Blue Slaver","floor":10,"turns":4}],"seed_played":"-6073278861684030564","potions_obtained":[{"floor":6,"key":"GamblersBrew"},{"floor":7,"key":"Strength Potion"}],"is_trial":false,"path_per_floor":["M","?","$","?","M","E","M","E","T","M","?"],"character_chosen":"THE_SILENT","items_purchased":["Chemical X"],"campfire_rested":0,"item_purchase_floors":[3],"current_hp_per_floor":[59,59,59,24,24,24,20,12,12,4,0],"gold":217,"neow_bonus":"THREE_ENEMY_KILL","is_prod":false,"is_daily":false,"chose_seed":false,"campfire_upgraded":0,"win_rate":0,"timestamp":1675598221,"path_taken":["M","?","$","?","M","E","M","E","T","M","?"],"build_version":"2022-12-18","purchased_purges":1,"victory":false,"max_hp_per_floor":[66,66,66,66,66,66,66,66,66,66,66],"card_choices":[{"not_picked":["Blade Dance","Concentrate"],"picked":"Dagger Spray","floor":1},{"not_picked":["Bouncing Flask","Poisoned Stab"],"picked":"Flechettes","floor":5},{"not_picked":["Riddle With Holes","Acrobatics"],"picked":"Unload","floor":6},{"not_picked":["Quick Slash","Underhanded Strike","Slice"],"picked":"SKIP","floor":7},{"not_picked":["Bane","Dagger Throw"],"picked":"Backflip","floor":8},{"not_picked":["Infinite Blades","Dodge and Roll"],"picked":"Underhanded Strike","floor":10}],"player_experience":2099624,"relics_obtained":[{"floor":6,"key":"MawBank"},{"floor":8,"key":"Gremlin Horn"},{"floor":9,"key":"Regal Pillow"}],"event_choices":[{"damage_healed":0,"gold_gain":150,"player_choice":"AGREE","damage_taken":0,"max_hp_gain":0,"max_hp_loss":0,"event_name":"Liars Game","floor":2,"gold_loss":0,"cards_obtained":["Doubt"]},{"damage_healed":0,"gold_gain":0,"player_choice":"Success","damage_taken":35,"relics_obtained":["Smiling Mask"],"max_hp_gain":0,"max_hp_loss":0,"event_name":"Scrap Ooze","floor":4,"gold_loss":0}],"is_beta":false,"boss_relics":[],"items_purged_floors":[3],"is_endless":false,"potions_floor_spawned":[6,7],"ascension_level":20}