{"gold_per_floor":[112,125,125,143,163,163,198,198,198,198,211,211,48,76,76,153,153,168,110,84,84,84,84,114,124,124,124,96,130,30,41,41,41],"floor_reached":33,"playtime":1455,"items_purged":["Strike_G","Crippling Poison"],"score":632,"play_id":"a486e721-43d5-4dee-924c-12cec1ec52a9","local_time":"20230301211122","is_ascension_mode":true,"campfire_choices":[{"data":"Wraith Form v2","floor":6,"key":"SMITH"},{"data":"Calculated Gamble","floor":8,"key":"SMITH"},{"data":"Underhanded Strike","floor":12,"key":"SMITH"},{"data":"Tactician","floor":15,"key":"SMITH"},{"floor":23,"key":"REST"},{"floor":27,"key":"RECALL"},{"data":"Burst","floor":32,"key":"SMITH"}],"neow_cost":"NONE","seed_source_timestamp":35013478937900,"circlet_count":0,"master_deck":["AscendersBane","Survivor","Neutralize","Wraith Form v2+1","Terror","Underhanded Strike+1","Calculated Gamble+1","PiercingWail","Dagger Throw","Tactician+1","Acrobatics","Doppelganger","Concentrate","Escape Plan","All Out Attack","PiercingWail","Burst+1","Venomology","Die Die Die","Heel Hook","Backflip","Backflip","Backflip","Cloak And Dagger","Blade Dance","Cloak And Dagger","Slice"],"relics":["Ring of the Snake","Ornamental Fan","Tiny Chest","Matryoshka","Pandora\u0027s Box","Dream Catcher","Question Card","Eternal Feather","PreservedInsect","Mummified Hand","Ginger"],"potions_floor_usage":[5,5,16,24,25,25,29,31,33],"damage_taken":[{"damage":11,"enemies":"Cultist","floor":1,"turns":6},{"damage":3,"enemies":"Small Slimes","floor":2,"turns":5},{"damage":1,"enemies":"2 Louse","floor":4,"turns":3},{"damage":0,"enemies":"Exordium Thugs","floor":5,"turns":4},{"damage":11,"enemies":"Gremlin Nob","floor":7,"turns":3},{"damage":5,"enemies":"Gremlin Gang","floor":11,"turns":7},{"damage":46,"enemies":"Lagavulin","floor":14,"turns":9},{"damage":10,"enemies":"Hexaghost","floor":16,"turns":8},{"damage":22,"enemies":"Shell Parasite","floor":18,"turns":5},{"damage":14,"enemies":"Slavers","floor":24,"turns":5},{"damage":10,"enemies":"Chosen","floor":25,"turns":6},{"damage":0,"enemies":"Book of Stabbing","floor":29,"turns":4},{"damage":0,"enemies":"3 Cultists","floor":31,"turns":4},{"damage":62,"enemies":"Champ","floor":33,"turns":15}],"seed_played":"-2510701713807315841","potions_obtained":[{"floor":1,"key":"SteroidPotion"},{"floor":4,"key":"DistilledChaos"},{"floor":14,"key":"AttackPotion"},{"floor":16,"key":"LiquidMemories"},{"floor":29,"key":"ColorlessPotion"}],"is_trial":false,"path_per_floor":["M","M","T","M","M","R","E","R","T","?","M","R","$","E","R","B",null,"M","$","$","?","T","R","E","M","T","R","$","E","$","M","R","B"],"character_chosen":"THE_SILENT","items_purchased":["Tactician","Backflip","Backflip","Slice"],"campfire_rested":1,"item_purchase_floors":[13,19,20,28],"current_hp_per_floor":[48,45,45,44,44,44,33,33,33,76,71,71,71,25,25,15,61,39,39,39,33,33,55,41,31,31,46,46,46,46,46,61,0],"gold":41,"neow_bonus":"ONE_RANDOM_RARE_CARD","is_prod":false,"is_daily":false,"chose_seed":false,"campfire_upgraded":5,"win_rate":0,"timestamp":1677701482,"path_taken":["M","?","?","M","M","R","E","R","T","?","M","R","$","E","R","BOSS","M","?","$","?","?","R","E","?","T","R","$","E","?","?","R","BOSS"],"build_version":"2022-12-18","purchased_purges":2,"victory":false,"max_hp_per_floor":[66,66,66,66,66,66,66,66,66,76,76,76,76,76,76,76,76,76,76,76,76,76,76,76,76,76,76,76,76,76,76,76,76],"card_choices":[{"not_picked":["Quick Slash","Acrobatics"],"picked":"Terror","floor":1},{"not_picked":["Dodge and Roll","Deflect"],"picked":"Underhanded Strike","floor":2},{"not_picked":["Terror","Skewer"],"picked":"Die Die Die","floor":4},{"not_picked":["Eviscerate","Flechettes"],"picked":"Calculated Gamble","floor":5},{"not_picked":["Dodge and Roll","Leg Sweep"],"picked":"PiercingWail","floor":7},{"not_picked":["Prepared","Setup"],"picked":"Dagger Throw","floor":11},{"not_picked":["Prepared","Crippling Poison"],"picked":"Acrobatics","floor":14},{"not_picked":["Venomology","Glass Knife"],"picked":"Doppelganger","floor":16},{"not_picked":["Poisoned Stab","Noxious Fumes"],"picked":"Backflip","floor":18},{"not_picked":["Dagger Spray","Outmaneuver","Flying Knee"],"picked":"Cloak And Dagger","floor":23},{"not_picked":["Malaise","Outmaneuver","Accuracy+1"],"picked":"Blade Dance","floor":24},{"not_picked":["Finisher","Riddle With Holes","Deadly Poison"],"picked":"Cloak And Dagger","floor":25},{"not_picked":["Heel Hook","Dagger Spray+1","Prepared","Choke"],"picked":"SKIP","floor":29},{"not_picked":["Cloak And Dagger","Slice","Dagger Throw","Leg Sweep"],"picked":"SKIP","floor":31}],"player_experience":2186829,"relics_obtained":[{"floor":3,"key":"Ornamental Fan"},{"floor":7,"key":"Tiny Chest"},{"floor":14,"key":"Matryoshka"},{"floor":22,"key":"Dream Catcher"},{"floor":22,"key":"Question Card"},{"floor":24,"key":"Eternal Feather"},{"floor":26,"key":"PreservedInsect"},{"floor":26,"key":"Mummified Hand"},{"floor":29,"key":"Ginger"}],"event_choices":[{"cards_removed":["Die Die Die"],"damage_healed":33,"gold_gain":0,"player_choice":"Offered Rare","damage_taken":0,"max_hp_gain":10,"max_hp_loss":0,"event_name":"Bonfire Elementals","floor":10,"gold_loss":0},{"damage_healed":0,"gold_gain":0,"player_choice":"","damage_taken":6,"max_hp_gain":0,"max_hp_loss":0,"event_name":"Knowing Skull","floor":21,"potions_obtained":[],"gold_loss":0,"cards_obtained":[]}],"is_beta":false,"boss_relics":[{"not_picked":["Ectoplasm","Empty Cage"],"picked":"Pandora\u0027s Box"}],"items_purged_floors":[13,30],"is_endless":false,"potions_floor_spawned":[1,4,14,16,29],"killed_by":"Champ","ascension_level":20}