{"gold_per_floor":[116,131,206,39,39,70,70,35,60,85,27,27,27,46,46,46],"floor_reached":16,"playtime":228,"items_purged":[],"score":246,"play_id":"1a58a6ab-5818-4573-b80b-ce34a6ab488f","local_time":"20230225231246","is_ascension_mode":true,"campfire_choices":[{"data":"Dagger Spray","floor":12,"key":"SMITH"},{"data":"Eviscerate","floor":15,"key":"SMITH"}],"neow_cost":"NONE","seed_source_timestamp":2557302056003300,"circlet_count":0,"master_deck":["AscendersBane","Strike_G","Strike_G","Strike_G","Strike_G","Strike_G","Defend_G","Defend_G","Defend_G","Defend_G","Defend_G","Survivor","Neutralize","Dagger Spray+1","Acrobatics","Injury","Outmaneuver","Calculated Gamble","Poisoned Stab","Eviscerate+1"],"relics":["Ring of the Snake","NeowsBlessing","ClockworkSouvenir","Golden Idol","Happy Flower","Lantern","Anchor"],"potions_floor_usage":[16],"damage_taken":[{"damage":0,"enemies":"Small Slimes","floor":1,"turns":1},{"damage":0,"enemies":"Jaw Worm","floor":2,"turns":1},{"damage":0,"enemies":"Gremlin Nob","floor":6,"turns":1},{"damage":0,"enemies":"2 Louse","floor":10,"turns":3},{"damage":0,"enemies":"Lots of Slimes","floor":14,"turns":2},{"damage":71,"enemies":"Slime Boss","floor":16,"turns":9}],"seed_played":"3993207503632085510","potions_obtained":[{"floor":10,"key":"Poison Potion"}],"is_trial":false,"path_per_floor":["M","M","?","$","?","E","T","?","T","M","$","R","$","M","R","B"],"character_chosen":"THE_SILENT","items_purchased":["ClockworkSouvenir","Poisoned Stab"],"campfire_rested":0,"item_purchase_floors":[4,11],"current_hp_per_floor":[59,59,48,48,48,48,48,64,64,64,64,64,64,64,64,0],"gold":46,"neow_bonus":"THREE_ENEMY_KILL","is_prod":false,"is_daily":false,"chose_seed":false,"campfire_upgraded":2,"win_rate":0,"timestamp":1677363166,"path_taken":["M","M","?","$","?","E","?","?","T","M","?","R","$","M","R","BOSS"],"build_version":"2022-12-18","purchased_purges":0,"victory":false,"max_hp_per_floor":[66,66,66,66,66,66,66,66,66,66,66,66,66,66,66,66],"card_choices":[{"not_picked":["Endless Agony","Cloak And Dagger"],"picked":"Dagger Spray","floor":1},{"not_picked":["Cloak And Dagger","Slice"],"picked":"Acrobatics","floor":2},{"not_picked":["Dodge and Roll","Expertise"],"picked":"Outmaneuver","floor":6},{"not_picked":["Dodge and Roll","Quick Slash"],"picked":"Calculated Gamble","floor":10},{"not_picked":["Storm of Steel","Masterful Stab"],"picked":"Eviscerate","floor":14}],"player_experience":2162898,"relics_obtained":[{"floor":6,"key":"Happy Flower"},{"floor":7,"key":"Lantern"},{"floor":9,"key":"Anchor"}],"event_choices":[{"damage_healed":0,"gold_gain":75,"player_choice":"Gather Gold","damage_taken":11,"max_hp_gain":0,"max_hp_loss":0,"event_name":"World of Goop","floor":3,"gold_loss":0},{"damage_healed":0,"gold_gain":0,"player_choice":"Take Wound","damage_taken":0,"relics_obtained":["Golden Idol"],"max_hp_gain":0,"max_hp_loss":0,"event_name":"Golden Idol","floor":5,"gold_loss":0,"cards_obtained":["Injury"]},{"damage_healed":16,"gold_gain":0,"player_choice":"Healed","damage_taken":0,"max_hp_gain":0,"max_hp_loss":0,"event_name":"The Cleric","floor":8,"gold_loss":35}],"is_beta":false,"boss_relics":[],"items_purged_floors":[],"is_endless":false,"potions_floor_spawned":[10],"killed_by":"Slime Boss","ascension_level":20}