{"gold_per_floor":[113,113,263,263,22,49,63,97,97,128,128,157,168,188,188,267,267,277,277,41,55,67,67,100,110,110,110,110,124,124,33,33,110,110,127,2,0,17,17,49,49,62,87,107,136,136,136,150,150,150,150],"floor_reached":51,"playtime":2550,"items_purged":["Doubt","Strike_G","Strike_G"],"score":1656,"play_id":"94cb94ac-60f8-404b-8acf-05153be0102c","local_time":"20230222203354","is_ascension_mode":true,"campfire_choices":[{"data":"Flechettes","floor":15.0,"key":"SMITH"},{"floor":23.0,"key":"REST"},{"floor":27.0,"key":"REST"},{"data":"Grand Finale","floor":32.0,"key":"SMITH"},{"floor":41,"key":"REST"},{"data":"Adrenaline","floor":46,"key":"SMITH"},{"data":"Adrenaline","floor":49,"key":"SMITH"}],"neow_cost":"NONE","seed_source_timestamp":2286222694156000,"circlet_count":0,"master_deck":["AscendersBane","Strike_G","Strike_G","Defend_G","Defend_G","Defend_G","Defend_G","Survivor","Neutralize","All Out Attack","Flechettes+1","Adrenaline+1","Reflex","Backflip","Quick Slash","Underhanded Strike","Backflip","Dodge and Roll","Grand Finale+1","Blade Dance+1","Acrobatics","Well Laid Plans","Footwork+1","Expertise","Ghostly","Ghostly","Ghostly","Dodge and Roll","Flash of Steel","Adrenaline+1"],"special_seed":0,"relics":["Ring of the Snake","NeowsBlessing","Sling","Letter Opener","Toy Ornithopter","Omamori","Du-Vu Doll","Pocketwatch","Kunai","SlaversCollar","Bag of Marbles","Gambling Chip","Busted Crown","Red Mask","Ornamental Fan","Blood Vial","Bottled Flame"],"potions_floor_usage":[40,50,50],"damage_taken":[{"damage":0.0,"enemies":"Small Slimes","floor":1.0,"turns":1.0},{"damage":0.0,"enemies":"Gremlin Nob","floor":6.0,"turns":1.0},{"damage":0.0,"enemies":"Jaw Worm","floor":7.0,"turns":1.0},{"damage":12.0,"enemies":"3 Sentries","floor":8.0,"turns":7.0},{"damage":0.0,"enemies":"Gremlin Nob","floor":10.0,"turns":2.0},{"damage":17.0,"enemies":"Lagavulin","floor":12.0,"turns":4.0},{"damage":0.0,"enemies":"Cultist","floor":13.0,"turns":3.0},{"damage":0.0,"enemies":"Exordium Wildlife","floor":14.0,"turns":2.0},{"damage":20.0,"enemies":"Hexaghost","floor":16.0,"turns":13.0},{"damage":7.0,"enemies":"Spheric Guardian","floor":18.0,"turns":4.0},{"damage":20.0,"enemies":"2 Thieves","floor":21.0,"turns":3.0},{"damage":14.0,"enemies":"Snake Plant","floor":22.0,"turns":3.0},{"damage":7.0,"enemies":"Gremlin Leader","floor":24.0,"turns":3.0},{"damage":1.0,"enemies":"Snecko","floor":25.0,"turns":4.0},{"damage":9.0,"enemies":"Chosen and Byrds","floor":29.0,"turns":6.0},{"damage":0.0,"enemies":"Champ","floor":33.0,"turns":13.0},{"damage":24.0,"enemies":"3 Shapes","floor":35.0,"turns":4.0},{"damage":0,"enemies":"Orb Walker","floor":38,"turns":3},{"damage":4,"enemies":"Nemesis","floor":40,"turns":9},{"damage":0,"enemies":"Sphere and 2 Shapes","floor":42,"turns":3},{"damage":3,"enemies":"4 Shapes","floor":44,"turns":5},{"damage":0,"enemies":"Reptomancer","floor":45,"turns":6},{"damage":0,"enemies":"Transient","floor":48,"turns":6},{"damage":30,"enemies":"Donu and Deca","floor":50,"turns":16},{"damage":9,"enemies":"Awakened One","floor":51,"turns":7}],"seed_played":"-8353641583528211972","potions_obtained":[{"floor":7.0,"key":"Dexterity Potion"},{"floor":8.0,"key":"FearPotion"},{"floor":18.0,"key":"BlessingOfTheForge"},{"floor":25.0,"key":"Swift Potion"},{"floor":40,"key":"Poison Potion"},{"floor":48,"key":"SkillPotion"}],"is_trial":false,"path_per_floor":["M","?","?","?","$","E","M","E","T","E","T","E","M","M","R","B",null,"M","?","$","M","M","R","E","M","T","R","?","M","T","$","R","B",null,"M","$","?","M","?","E","R","M","T","M","E","R","?","M","R","B","B"],"character_chosen":"THE_SILENT","items_purchased":["Sling","Acrobatics","Well Laid Plans","Flash of Steel"],"campfire_rested":3,"item_purchase_floors":[5,20,20,31],"current_hp_per_floor":[59,59,59,59,59,59,59,47,47,52,52,35,35,35,35,15,53,46,46,46,26,12,31,29,28,28,47,33,24,24,24,24,24,31,7,7,7,7,7,8,17,17,17,16,18,18,18,20,20,2,0],"gold":150,"neow_bonus":"THREE_ENEMY_KILL","is_prod":false,"is_daily":false,"chose_seed":false,"campfire_upgraded":4,"win_rate":0,"timestamp":1677094434,"path_taken":["M","?","?","?","$","E","?","E","T","E","?","E","M","M","R","BOSS","M","?","$","?","M","R","E","M","T","R","?","M","?","$","R","BOSS","M","$","?","M","?","E","R","M","T","M","E","R","?","M","R","BOSS","BOSS"],"build_version":"2022-12-18","purchased_purges":3,"victory":false,"max_hp_per_floor":[66,66,66,66,66,66,66,66,66,66,66,66,66,66,66,66,66,66,66,66,66,66,66,66,66,66,66,33,33,33,33,33,33,33,33,33,33,33,33,33,33,33,33,33,33,33,33,33,33,33,33],"card_choices":[{"not_picked":["Flying Knee","Endless Agony"],"picked":"All Out Attack","floor":1.0},{"not_picked":["Choke","Riddle With Holes"],"picked":"Adrenaline","floor":6.0},{"not_picked":["Setup","Dodge and Roll"],"picked":"Reflex","floor":7.0},{"not_picked":["Poisoned Stab","Catalyst"],"picked":"Backflip","floor":8.0},{"not_picked":["PiercingWail","Poisoned Stab"],"picked":"Quick Slash","floor":10.0},{"not_picked":["Dagger Throw","Bane"],"picked":"Underhanded Strike","floor":12.0},{"not_picked":["Bane","Flying Knee"],"picked":"Backflip","floor":13.0},{"not_picked":["Quick Slash","Poisoned Stab"],"picked":"Dodge and Roll","floor":14.0},{"not_picked":["Malaise","Envenom"],"picked":"Grand Finale","floor":16.0},{"not_picked":["Dodge and Roll","Poisoned Stab"],"picked":"Blade Dance+1","floor":18.0},{"not_picked":["Accuracy","Deadly Poison","Distraction"],"picked":"SKIP","floor":21.0},{"not_picked":["Outmaneuver","Prepared"],"picked":"Footwork+1","floor":22.0},{"not_picked":["Sucker Punch+1","Flying Knee","Bouncing Flask"],"picked":"SKIP","floor":24.0},{"not_picked":["Deadly Poison","Poisoned Stab"],"picked":"Expertise","floor":25.0},{"not_picked":["Poisoned Stab","Skewer"],"picked":"Dodge and Roll","floor":29.0},{"not_picked":["Corpse Explosion","Venomology"],"picked":"Adrenaline","floor":33.0},{"not_picked":["Sucker Punch"],"picked":"SKIP","floor":35},{"not_picked":["Dagger Throw+1"],"picked":"SKIP","floor":38},{"not_picked":["Backflip"],"picked":"SKIP","floor":40},{"not_picked":["Distraction"],"picked":"SKIP","floor":42},{"not_picked":["Acrobatics"],"picked":"SKIP","floor":44},{"not_picked":["Eviscerate+1"],"picked":"SKIP","floor":45},{"not_picked":["Flying Knee"],"picked":"SKIP","floor":48}],"player_experience":2129646,"relics_obtained":[{"floor":6.0,"key":"Letter Opener"},{"floor":8.0,"key":"Toy Ornithopter"},{"floor":9.0,"key":"Omamori"},{"floor":10.0,"key":"Du-Vu Doll"},{"floor":11.0,"key":"Pocketwatch"},{"floor":12.0,"key":"Kunai"},{"floor":24.0,"key":"Bag of Marbles"},{"floor":30.0,"key":"Gambling Chip"},{"floor":40,"key":"Ornamental Fan"},{"floor":43,"key":"Blood Vial"},{"floor":45,"key":"Bottled Flame"}],"event_choices":[{"damage_healed":0.0,"max_hp_gain":0.0,"max_hp_loss":0.0,"gold_gain":0.0,"cards_transformed":["Strike_G"],"event_name":"Living Wall","player_choice":"Change","floor":2.0,"gold_loss":0.0,"damage_taken":0.0,"cards_obtained":["Flechettes"]},{"damage_healed":0.0,"max_hp_gain":0.0,"max_hp_loss":0.0,"gold_gain":150.0,"event_name":"Liars Game","player_choice":"AGREE","floor":3.0,"gold_loss":0.0,"damage_taken":0.0,"cards_obtained":["Doubt"]},{"damage_healed":0.0,"max_hp_gain":0.0,"max_hp_loss":0.0,"gold_gain":0.0,"event_name":"Match and Keep!","player_choice":"0 cards matched","floor":4.0,"gold_loss":0.0,"damage_taken":0.0,"cards_obtained":[]},{"damage_healed":0.0,"max_hp_gain":0.0,"max_hp_loss":0.0,"gold_gain":0.0,"event_name":"N\u0027loth","player_choice":"Ignored","floor":19.0,"gold_loss":0.0,"damage_taken":0.0},{"damage_healed":0.0,"max_hp_gain":0.0,"max_hp_loss":33.0,"gold_gain":0.0,"event_name":"Ghosts","player_choice":"Became a Ghost","floor":28.0,"gold_loss":0.0,"damage_taken":0.0,"cards_obtained":["Ghostly","Ghostly","Ghostly"]},{"damage_healed":0,"gold_gain":0,"player_choice":"Paid","damage_taken":0,"relics_obtained":["Red Mask"],"max_hp_gain":0,"max_hp_loss":0,"event_name":"Tomb of Lord Red Mask","floor":37,"gold_loss":2},{"damage_healed":0,"gold_gain":0,"player_choice":"Memory 1","damage_taken":0,"max_hp_gain":0,"max_hp_loss":0,"event_name":"SensoryStone","floor":39,"gold_loss":0},{"cards_removed":["Defend_G"],"damage_healed":0,"gold_gain":0,"player_choice":"Removed Skill","damage_taken":0,"max_hp_gain":0,"max_hp_loss":0,"event_name":"Falling","floor":47,"gold_loss":0}],"is_beta":false,"boss_relics":[{"not_picked":["Runic Pyramid","Philosopher\u0027s Stone"],"picked":"SlaversCollar"},{"not_picked":["Sozu","Ring of the Serpent"],"picked":"Busted Crown"}],"items_purged_floors":[5,20,36],"is_endless":false,"potions_floor_spawned":[7,8,18,25,40,44,48],"killed_by":"Awakened One","ascension_level":20}