{"gold_per_floor":[112,112,127,127,8,36,51,51,51,51,82,93,93],"floor_reached":13,"playtime":316,"items_purged":[],"score":186,"play_id":"997e206b-232f-4b83-85d2-f52cbca9f36c","local_time":"20230301211650","is_ascension_mode":true,"campfire_choices":[{"data":"Discovery","floor":8,"key":"SMITH"}],"neow_cost":"NONE","seed_source_timestamp":36481015046500,"circlet_count":0,"master_deck":["AscendersBane","Strike_G","Strike_G","Strike_G","Strike_G","Strike_G","Defend_G","Defend_G","Defend_G","Defend_G","Defend_G","Survivor","Neutralize","Masterful Stab+1","Blade Dance","Discovery+1","Dagger Spray","Infinite Blades","Deflect","Escape Plan"],"relics":["Busted Crown","Question Card","Blue Candle","Frozen Egg 2","Turnip"],"potions_floor_usage":[6,11,11],"damage_taken":[{"damage":2,"enemies":"Jaw Worm","floor":1,"turns":7},{"damage":0,"enemies":"Cultist","floor":3,"turns":3},{"damage":15,"enemies":"3 Sentries","floor":6,"turns":8},{"damage":0,"enemies":"Small Slimes","floor":7,"turns":2},{"damage":29,"enemies":"Gremlin Nob","floor":11,"turns":4},{"damage":27,"enemies":"Exordium Thugs","floor":12,"turns":5},{"damage":15,"enemies":"3 Sentries","floor":13,"turns":2}],"seed_played":"791355585444415243","potions_obtained":[{"floor":1,"key":"Regen Potion"},{"floor":7,"key":"GamblersBrew"},{"floor":10,"key":"Regen Potion"}],"is_trial":false,"path_per_floor":["M","?","M","T","$","E","M","R","T","?","E","M","E"],"character_chosen":"THE_SILENT","items_purchased":["Discovery","Dagger Spray"],"campfire_rested":0,"item_purchase_floors":[5,5],"current_hp_per_floor":[57,57,57,57,57,57,57,57,57,57,37,10,0],"gold":93,"neow_bonus":"BOSS_RELIC","is_prod":false,"is_daily":false,"chose_seed":false,"campfire_upgraded":1,"win_rate":0,"timestamp":1677701810,"path_taken":["M","?","?","?","?","E","M","R","T","?","E","M","E"],"build_version":"2022-12-18","purchased_purges":0,"victory":false,"max_hp_per_floor":[66,66,66,66,66,66,66,66,66,66,66,66,66],"card_choices":[{"not_picked":[],"picked":"Masterful Stab","floor":1},{"not_picked":[],"picked":"Blade Dance","floor":3},{"not_picked":["Deadly Poison"],"picked":"Infinite Blades","floor":6},{"not_picked":["Noxious Fumes"],"picked":"Deflect","floor":7},{"not_picked":["Deflect"],"picked":"Escape Plan","floor":11},{"not_picked":["Flying Knee","Riddle With Holes"],"picked":"SKIP","floor":12}],"player_experience":2188284,"relics_obtained":[{"floor":4,"key":"Question Card"},{"floor":6,"key":"Blue Candle"},{"floor":9,"key":"Frozen Egg 2"},{"floor":11,"key":"Turnip"}],"event_choices":[{"damage_healed":0,"gold_gain":0,"player_choice":"Upgraded","damage_taken":0,"max_hp_gain":0,"max_hp_loss":0,"event_name":"Upgrade Shrine","floor":2,"gold_loss":0,"cards_upgraded":["Masterful Stab"]},{"damage_healed":0,"gold_gain":0,"player_choice":"Got Potions","damage_taken":0,"max_hp_gain":0,"max_hp_loss":0,"event_name":"Lab","floor":10,"gold_loss":0}],"is_beta":false,"boss_relics":[],"items_purged_floors":[],"is_endless":false,"potions_floor_spawned":[1,7],"killed_by":"3 Sentries","ascension_level":20}