{"gold_per_floor":[110,123,48,48,62,62,62,62,62,62,62,33,33,66,66,156,156,171,171],"floor_reached":19,"playtime":358,"items_purged":[],"score":326,"play_id":"d201c406-34f3-4112-bb86-08772eeaddd3","local_time":"20230301204656","is_ascension_mode":true,"campfire_choices":[{"data":"Choke","floor":13,"key":"SMITH"},{"data":"Bouncing Flask","floor":15,"key":"SMITH"}],"neow_cost":"NONE","seed_source_timestamp":34645917045800,"circlet_count":0,"master_deck":["AscendersBane","Strike_G","Strike_G","Strike_G","Defend_G","Defend_G","Defend_G","Defend_G","Defend_G","Survivor","Neutralize","Flechettes+1","Backstab","Blade Dance","Choke+1","Poisoned Stab","Bouncing Flask+1","Corpse Explosion","Bane"],"relics":["Coffee Dripper","Paper Crane","Golden Idol","The Courier","Empty Cage"],"potions_floor_usage":[16,18],"damage_taken":[{"damage":4,"enemies":"Small Slimes","floor":1,"turns":4},{"damage":2,"enemies":"Jaw Worm","floor":2,"turns":4},{"damage":0,"enemies":"Cultist","floor":5,"turns":4},{"damage":29,"enemies":"Lagavulin","floor":14,"turns":7},{"damage":15,"enemies":"Hexaghost","floor":16,"turns":6},{"damage":41,"enemies":"Chosen","floor":18,"turns":6}],"seed_played":"-3747141236793265465","potions_obtained":[{"floor":1,"key":"LiquidMemories"},{"floor":16,"key":"BlessingOfTheForge"}],"is_trial":false,"path_per_floor":["M","M","?","?","M","?","?","?","T","?","$","$","R","E","R","B",null,"M","$"],"character_chosen":"THE_SILENT","items_purchased":["Poisoned Stab"],"campfire_rested":0,"item_purchase_floors":[12],"current_hp_per_floor":[55,53,53,53,53,53,53,66,66,66,66,66,66,37,37,22,53,12,12],"gold":171,"neow_bonus":"BOSS_RELIC","is_prod":false,"is_daily":false,"chose_seed":false,"campfire_upgraded":2,"win_rate":0,"timestamp":1677700016,"path_taken":["M","M","?","?","?","?","?","?","T","?","?","$","R","E","R","BOSS","M","$"],"build_version":"2022-12-18","purchased_purges":0,"victory":false,"max_hp_per_floor":[66,66,66,66,66,66,66,66,66,66,66,66,66,66,66,66,63,63,63],"card_choices":[{"not_picked":["Finisher","Dagger Throw"],"picked":"Flechettes","floor":1},{"not_picked":["Deflect","Dagger Throw"],"picked":"Backstab","floor":2},{"not_picked":["Poisoned Stab","Setup"],"picked":"Blade Dance","floor":5},{"not_picked":["Bane","Acrobatics"],"picked":"Bouncing Flask","floor":14},{"not_picked":["A Thousand Cuts","Doppelganger"],"picked":"Corpse Explosion","floor":16},{"not_picked":["Quick Slash","Underhanded Strike"],"picked":"Bane","floor":18}],"player_experience":2186471,"relics_obtained":[{"floor":9,"key":"Paper Crane"},{"floor":14,"key":"The Courier"}],"event_choices":[{"cards_removed":["Strike_G"],"damage_healed":0,"gold_gain":0,"player_choice":"Card Removal","damage_taken":0,"max_hp_gain":0,"max_hp_loss":0,"event_name":"The Cleric","floor":3,"gold_loss":75},{"damage_healed":0,"gold_gain":0,"player_choice":"Upgraded","damage_taken":0,"max_hp_gain":0,"max_hp_loss":0,"event_name":"Upgrade Shrine","floor":4,"gold_loss":0,"cards_upgraded":["Flechettes"]},{"damage_healed":0,"gold_gain":0,"player_choice":"Fled","damage_taken":0,"max_hp_gain":0,"max_hp_loss":0,"event_name":"Scrap Ooze","floor":6,"gold_loss":0},{"damage_healed":0,"gold_gain":0,"cards_transformed":["Strike_G"],"player_choice":"Change","damage_taken":0,"max_hp_gain":0,"max_hp_loss":0,"event_name":"Living Wall","floor":7,"gold_loss":0,"cards_obtained":["Choke"]},{"damage_healed":16,"gold_gain":0,"player_choice":"Healed and dodged fight","damage_taken":0,"max_hp_gain":0,"max_hp_loss":0,"event_name":"Mushrooms","floor":8,"gold_loss":0,"cards_obtained":["Parasite"]},{"damage_healed":0,"gold_gain":0,"player_choice":"Take Wound","damage_taken":0,"relics_obtained":["Golden Idol"],"max_hp_gain":0,"max_hp_loss":0,"event_name":"Golden Idol","floor":10,"gold_loss":0,"cards_obtained":["Injury"]}],"is_beta":false,"boss_relics":[{"not_picked":["Fusion Hammer","Velvet Choker"],"picked":"Empty Cage"}],"items_purged_floors":[],"is_endless":false,"potions_floor_spawned":[1,16],"ascension_level":20}