{"gold_per_floor":[116,27,27,2,52,82,82,115,185,212,262,294,294,355,355,429,429,443,453,503,571,581,581,581],"floor_reached":24,"playtime":858,"items_purged":["Defend_G"],"score":544,"play_id":"3edb281d-11fe-4474-81be-90f70ef861e4","local_time":"20230225230020","is_ascension_mode":true,"campfire_choices":[{"data":"Tactician","floor":7,"key":"SMITH"},{"data":"Neutralize","floor":13,"key":"SMITH"},{"floor":15,"key":"REST"},{"floor":23,"key":"REST"}],"neow_cost":"NONE","seed_source_timestamp":2555926221376600,"circlet_count":0,"master_deck":["AscendersBane","Strike_G","Strike_G","Strike_G","Strike_G","Defend_G","Defend_G","Defend_G","Survivor","Neutralize+1","Acrobatics","Tactician+1","Reflex","Dagger Throw","Backflip","Backstab","Prepared","All Out Attack","After Image+1","Well Laid Plans+1","Footwork+1","Masterful Stab+1"],"relics":["Ring of the Snake","NeowsBlessing","SsserpentHead","Dream Catcher","Mercury Hourglass","FossilizedHelix","Frozen Egg 2","StrikeDummy","Question Card","White Beast Statue","Empty Cage"],"potions_floor_usage":[8,16,18,21],"damage_taken":[{"damage":0,"enemies":"Small Slimes","floor":1,"turns":1},{"damage":0,"enemies":"3 Sentries","floor":6,"turns":1},{"damage":0,"enemies":"Lagavulin","floor":8,"turns":1},{"damage":24,"enemies":"3 Sentries","floor":10,"turns":9},{"damage":5,"enemies":"Lagavulin","floor":12,"turns":5},{"damage":0,"enemies":"Cultist","floor":14,"turns":2},{"damage":6,"enemies":"The Guardian","floor":16,"turns":12},{"damage":1,"enemies":"3 Byrds","floor":18,"turns":5},{"damage":3,"enemies":"Shell Parasite","floor":19,"turns":5},{"damage":9,"enemies":"Snake Plant","floor":21,"turns":6},{"damage":10,"enemies":"3 Cultists","floor":22,"turns":5},{"damage":50,"enemies":"Book of Stabbing","floor":24,"turns":6}],"seed_played":"-7774849684834360508","potions_obtained":[{"floor":1,"key":"Dexterity Potion"},{"floor":8,"key":"Fruit Juice"},{"floor":10,"key":"Energy Potion"},{"floor":16,"key":"GamblersBrew"},{"floor":18,"key":"Strength Potion"},{"floor":21,"key":"Energy Potion"}],"is_trial":false,"path_per_floor":["M","$","?","$","?","E","R","E","T","E","T","E","R","M","R","B",null,"M","M","?","M","M","R","E"],"character_chosen":"THE_SILENT","items_purchased":["Tactician"],"campfire_rested":2,"item_purchase_floors":[2],"current_hp_per_floor":[59,59,59,59,41,41,41,46,46,22,22,17,17,17,38,32,61,60,57,47,38,28,49,0],"gold":581,"neow_bonus":"THREE_ENEMY_KILL","is_prod":false,"is_daily":false,"chose_seed":false,"campfire_upgraded":2,"win_rate":0,"timestamp":1677362420,"path_taken":["M","$","?","?","?","E","R","E","T","E","?","E","R","?","R","BOSS","M","M","?","?","M","R","E"],"build_version":"2022-12-18","purchased_purges":1,"victory":false,"max_hp_per_floor":[66,66,66,66,66,66,66,71,71,71,71,71,71,71,71,71,71,71,71,71,71,71,71,71],"card_choices":[{"not_picked":["Choke","Flying Knee"],"picked":"Acrobatics","floor":1},{"not_picked":["Cloak And Dagger","Escape Plan"],"picked":"Reflex","floor":6},{"not_picked":["Slice","Riddle With Holes"],"picked":"Dagger Throw","floor":8},{"not_picked":["Noxious Fumes+1","Slice"],"picked":"Backflip","floor":10},{"not_picked":["Reflex","Catalyst","PiercingWail"],"picked":"Backstab","floor":12},{"not_picked":["PiercingWail","Sucker Punch","Cloak And Dagger"],"picked":"Prepared","floor":14},{"not_picked":["Accuracy+1","Blade Dance","Cloak And Dagger"],"picked":"All Out Attack","floor":15},{"not_picked":["Malaise","Phantasmal Killer","Unload"],"picked":"After Image+1","floor":16},{"not_picked":["Sucker Punch","Backflip","Slice+1","Dodge and Roll"],"picked":"SKIP","floor":18},{"not_picked":["Dodge and Roll","Deflect+1","Quick Slash+1"],"picked":"Well Laid Plans+1","floor":19},{"not_picked":["Outmaneuver","Catalyst","Grand Finale"],"picked":"Footwork+1","floor":21},{"not_picked":["Catalyst","Blade Dance","Well Laid Plans+1","Backstab"],"picked":"SKIP","floor":22},{"not_picked":["Crippling Poison","Sucker Punch","Cloak And Dagger"],"picked":"Masterful Stab+1","floor":23}],"player_experience":2161573,"relics_obtained":[{"floor":6,"key":"Mercury Hourglass"},{"floor":8,"key":"FossilizedHelix"},{"floor":9,"key":"Frozen Egg 2"},{"floor":10,"key":"StrikeDummy"},{"floor":11,"key":"Question Card"},{"floor":12,"key":"White Beast Statue"}],"event_choices":[{"damage_healed":0,"gold_gain":0,"player_choice":"Trade","damage_taken":0,"relics_obtained":["SsserpentHead"],"max_hp_gain":0,"max_hp_loss":0,"event_name":"FaceTrader","floor":3,"gold_loss":0},{"damage_healed":0,"gold_gain":0,"player_choice":"Success","damage_taken":18,"relics_obtained":["Dream Catcher"],"max_hp_gain":0,"max_hp_loss":0,"event_name":"Scrap Ooze","floor":5,"gold_loss":0},{"damage_healed":0,"gold_gain":0,"player_choice":"Damaged","damage_taken":10,"max_hp_gain":0,"max_hp_loss":0,"event_name":"Wheel of Change","floor":20,"gold_loss":0}],"is_beta":false,"boss_relics":[{"not_picked":["Ectoplasm","Ring of the Serpent"],"picked":"Empty Cage"}],"items_purged_floors":[4],"is_endless":false,"potions_floor_spawned":[1,8,10,14,16,18,19,21,22],"killed_by":"Book of Stabbing","ascension_level":20}