{"gold_per_floor":[110,126,145,163,1,29,29,53,53,88,88,122,197,211,211,285,285,300,52,52,65,76,76,111,111,193,193],"floor_reached":27,"playtime":893,"items_purged":["Strike_G"],"score":502,"play_id":"e2310b44-5069-4052-892e-a83e396aa1b5","local_time":"20230225131205","is_ascension_mode":true,"campfire_choices":[{"data":"Accuracy","floor":7,"key":"SMITH"},{"floor":11,"key":"REST"},{"data":"Blade Dance","floor":15,"key":"SMITH"},{"floor":23,"key":"REST"},{"floor":25,"key":"REST"}],"neow_cost":"NONE","seed_source_timestamp":2520593903428400,"circlet_count":0,"master_deck":["AscendersBane","Strike_G","Strike_G","Strike_G","Strike_G","Defend_G","Defend_G","Defend_G","Defend_G","Defend_G","Survivor","Neutralize","Unload","Accuracy+1","Slice","Choke","Blade Dance+1","A Thousand Cuts","A Thousand Cuts","Cloak And Dagger","Distraction","Doppelganger","Deflect","Storm of Steel","Cloak And Dagger","Panache","Blade Dance+1","Dodge and Roll"],"relics":["Ring of the Snake","Pear","Odd Mushroom","Bottled Tornado","Nunchaku","Smiling Mask","WristBlade","Orichalcum","White Beast Statue"],"potions_floor_usage":[6,10,12,16,18,24,27,27],"damage_taken":[{"damage":0,"enemies":"Cultist","floor":1,"turns":4},{"damage":0,"enemies":"2 Louse","floor":2,"turns":4},{"damage":3,"enemies":"Small Slimes","floor":3,"turns":4},{"damage":4,"enemies":"Blue Slaver","floor":4,"turns":4},{"damage":11,"enemies":"Gremlin Nob","floor":6,"turns":3},{"damage":14,"enemies":"The Mushroom Lair","floor":8,"turns":4},{"damage":25,"enemies":"Lagavulin","floor":10,"turns":6},{"damage":3,"enemies":"Gremlin Nob","floor":12,"turns":3},{"damage":0,"enemies":"3 Louse","floor":14,"turns":3},{"damage":16,"enemies":"Hexaghost","floor":16,"turns":9},{"damage":25,"enemies":"Shell Parasite","floor":18,"turns":3},{"damage":14,"enemies":"3 Byrds","floor":21,"turns":5},{"damage":0,"enemies":"Centurion and Healer","floor":22,"turns":3},{"damage":40,"enemies":"Gremlin Leader","floor":24,"turns":6},{"damage":29,"enemies":"Book of Stabbing","floor":27,"turns":4}],"seed_played":"-476303505817156972","potions_obtained":[{"floor":1,"key":"Weak Potion"},{"floor":3,"key":"ColorlessPotion"},{"floor":8,"key":"DuplicationPotion"},{"floor":12,"key":"Energy Potion"},{"floor":16,"key":"Energy Potion"},{"floor":21,"key":"Strength Potion"},{"floor":22,"key":"Energy Potion"},{"floor":24,"key":"ColorlessPotion"}],"is_trial":false,"path_per_floor":["M","M","M","M","$","E","R","?","T","E","R","E","?","M","R","B",null,"M","$","?","M","M","R","E","R","T","E"],"character_chosen":"THE_SILENT","items_purchased":["A Thousand Cuts","Panache"],"campfire_rested":3,"item_purchase_floors":[5,19],"current_hp_per_floor":[59,59,56,52,52,51,51,37,37,12,34,31,20,20,20,4,58,33,33,33,19,19,41,1,23,23,0],"gold":193,"neow_bonus":"ONE_RANDOM_RARE_CARD","is_prod":false,"is_daily":false,"chose_seed":false,"campfire_upgraded":2,"win_rate":0,"timestamp":1677327125,"path_taken":["M","M","M","?","$","E","R","?","T","E","R","E","?","M","R","BOSS","M","$","?","M","M","R","E","R","T","E"],"build_version":"2022-12-18","purchased_purges":1,"victory":false,"max_hp_per_floor":[66,66,66,66,66,76,76,76,76,76,76,76,76,76,76,76,76,76,76,76,76,76,76,76,76,76,76],"card_choices":[{"not_picked":["Outmaneuver","Deflect"],"picked":"Accuracy","floor":1},{"not_picked":["Outmaneuver","Endless Agony"],"picked":"Slice","floor":2},{"not_picked":["Sucker Punch","Flying Knee"],"picked":"Choke","floor":3},{"not_picked":["Noxious Fumes","Dodge and Roll"],"picked":"Blade Dance","floor":4},{"not_picked":["Night Terror","Flechettes"],"picked":"A Thousand Cuts","floor":6},{"not_picked":["Expertise","Deflect"],"picked":"Cloak And Dagger","floor":8},{"not_picked":["Dagger Spray","Masterful Stab"],"picked":"Distraction","floor":10},{"not_picked":["Burst","Eviscerate"],"picked":"Doppelganger","floor":12},{"not_picked":["Riddle With Holes","Predator"],"picked":"Deflect","floor":14},{"not_picked":["Phantasmal Killer","Doppelganger"],"picked":"Storm of Steel","floor":16},{"not_picked":["PiercingWail","Dagger Spray"],"picked":"Cloak And Dagger","floor":18},{"not_picked":["Dagger Spray","Dagger Throw"],"picked":"Blade Dance+1","floor":21},{"not_picked":["Distraction","PiercingWail","Masterful Stab"],"picked":"SKIP","floor":22},{"not_picked":["Endless Agony","Acrobatics"],"picked":"Dodge and Roll","floor":24}],"player_experience":2137550,"relics_obtained":[{"floor":6,"key":"Pear"},{"floor":8,"key":"Odd Mushroom"},{"floor":9,"key":"Bottled Tornado"},{"floor":10,"key":"Nunchaku"},{"floor":12,"key":"Smiling Mask"},{"floor":24,"key":"Orichalcum"},{"floor":26,"key":"White Beast Statue"}],"event_choices":[{"damage_healed":0,"gold_gain":0,"player_choice":"Fought Mushrooms","damage_taken":0,"max_hp_gain":0,"max_hp_loss":0,"event_name":"Mushrooms","floor":8,"gold_loss":0},{"damage_healed":0,"gold_gain":75,"player_choice":"Gather Gold","damage_taken":11,"max_hp_gain":0,"max_hp_loss":0,"event_name":"World of Goop","floor":13,"gold_loss":0},{"damage_healed":0,"gold_gain":0,"player_choice":"Ignored","damage_taken":0,"max_hp_gain":0,"max_hp_loss":0,"event_name":"Vampires","floor":20,"gold_loss":0}],"is_beta":false,"boss_relics":[{"not_picked":["Velvet Choker","Pandora\u0027s Box"],"picked":"WristBlade"}],"items_purged_floors":[19],"is_endless":false,"potions_floor_spawned":[1,3,8,12,16,21,22,24],"killed_by":"Book of Stabbing","ascension_level":20}