{"gold_per_floor":[112,187,152,176,196,239,239,276,299,299],"floor_reached":10,"playtime":217,"items_purged":[],"score":148,"play_id":"89586c56-ca30-4454-b6c0-403d08ea9ce0","local_time":"20230305124404","is_ascension_mode":true,"campfire_choices":[{"floor":7,"key":"REST"}],"neow_cost":"NONE","seed_source_timestamp":351416877370800,"circlet_count":0,"master_deck":["AscendersBane","Strike_G","Strike_G","Strike_G","Strike_G","Strike_G","Defend_G","Defend_G","Defend_G","Defend_G","Defend_G","Survivor","Neutralize","Corpse Explosion","Bane","PiercingWail","Outmaneuver","After Image"],"relics":["Ring of the Snake","CeramicFish","Meat on the Bone","InkBottle","Lantern"],"potions_floor_usage":[6],"damage_taken":[{"damage":0,"enemies":"Jaw Worm","floor":1,"turns":5},{"damage":0,"enemies":"Cultist","floor":5,"turns":3},{"damage":50,"enemies":"Gremlin Nob","floor":6,"turns":6},{"damage":31,"enemies":"3 Sentries","floor":8,"turns":6},{"damage":20,"enemies":"Lagavulin","floor":10,"turns":3}],"seed_played":"352137279211190131","potions_obtained":[{"floor":5,"key":"Weak Potion"}],"is_trial":false,"path_per_floor":["M","?","?","T","M","E","R","E","T","E"],"character_chosen":"THE_SILENT","items_purchased":[],"campfire_rested":1,"item_purchase_floors":[],"current_hp_per_floor":[59,48,64,64,64,14,33,14,14,0],"gold":299,"neow_bonus":"ONE_RANDOM_RARE_CARD","is_prod":false,"is_daily":false,"chose_seed":false,"campfire_upgraded":0,"win_rate":0,"timestamp":1678016644,"path_taken":["M","?","?","?","M","E","R","E","T","E"],"build_version":"2022-12-18","purchased_purges":0,"victory":false,"max_hp_per_floor":[66,66,66,66,66,66,66,66,66,66],"card_choices":[{"not_picked":["Riddle With Holes","Dodge and Roll"],"picked":"Bane","floor":1},{"not_picked":["Cloak And Dagger","Outmaneuver"],"picked":"PiercingWail","floor":5},{"not_picked":["Unload","Choke"],"picked":"Outmaneuver","floor":6},{"not_picked":["Acrobatics","Dagger Spray"],"picked":"After Image","floor":8}],"player_experience":2205306,"relics_obtained":[{"floor":4,"key":"CeramicFish"},{"floor":6,"key":"Meat on the Bone"},{"floor":8,"key":"InkBottle"},{"floor":9,"key":"Lantern"}],"event_choices":[{"damage_healed":0,"gold_gain":75,"player_choice":"Gather Gold","damage_taken":11,"max_hp_gain":0,"max_hp_loss":0,"event_name":"World of Goop","floor":2,"gold_loss":0},{"damage_healed":16,"gold_gain":0,"player_choice":"Healed","damage_taken":0,"max_hp_gain":0,"max_hp_loss":0,"event_name":"The Cleric","floor":3,"gold_loss":35}],"is_beta":false,"boss_relics":[],"items_purged_floors":[],"is_endless":false,"potions_floor_spawned":[5],"killed_by":"Lagavulin","ascension_level":20}