{"gold_per_floor":[109,109,126,137,137,137,137,137,137,137,137,151,23,48,60,72],"floor_reached":16,"playtime":432,"items_purged":["Defend_G"],"score":196,"play_id":"49cd4f45-212d-4458-8aa6-c6f03dcb65c7","local_time":"20230325221623","is_ascension_mode":true,"campfire_choices":[{"data":"Masterful Stab","floor":6,"key":"SMITH"},{"data":"Catalyst","floor":8,"key":"SMITH"},{"floor":15,"key":"REST"}],"neow_cost":"NONE","seed_source_timestamp":133559594706700,"circlet_count":0,"master_deck":["AscendersBane","Strike_G","Strike_G","Strike_G","Strike_G","Defend_G+1","Defend_G","Defend_G","Survivor","Neutralize+1","Catalyst+1","Masterful Stab+1","Outmaneuver","Setup","Calculated Gamble","Bouncing Flask"],"relics":["Ring of the Snake","NeowsBlessing","Happy Flower","SsserpentHead","MawBank"],"potions_floor_usage":[14,14],"damage_taken":[{"damage":0,"enemies":"Small Slimes","floor":1,"turns":1},{"damage":0,"enemies":"Cultist","floor":3,"turns":1},{"damage":0,"enemies":"Jaw Worm","floor":4,"turns":1},{"damage":4,"enemies":"2 Fungi Beasts","floor":12,"turns":5},{"damage":25,"enemies":"3 Sentries","floor":14,"turns":11},{"damage":37,"enemies":"Slime Boss","floor":16,"turns":6}],"seed_played":"8415335800460386771","potions_obtained":[{"floor":2,"key":"BlessingOfTheForge"},{"floor":2,"key":"AttackPotion"},{"floor":14,"key":"FearPotion"}],"is_trial":false,"path_per_floor":["M","?","M","M","?","R","?","R","T","?","?","M","$","E","R","B"],"character_chosen":"THE_SILENT","items_purchased":["Poison Potion"],"campfire_rested":1,"item_purchase_floors":[13],"current_hp_per_floor":[59,59,59,59,39,39,39,39,39,32,32,28,28,3,22,0],"gold":72,"neow_bonus":"THREE_ENEMY_KILL","is_prod":false,"is_daily":false,"chose_seed":false,"campfire_upgraded":2,"win_rate":0,"timestamp":1679778983,"path_taken":["M","?","M","?","?","R","?","R","T","?","?","M","$","E","R","BOSS"],"build_version":"2022-12-18","purchased_purges":1,"victory":false,"max_hp_per_floor":[66,66,66,66,66,66,66,66,66,66,66,66,66,66,66,66],"card_choices":[{"not_picked":["PiercingWail","Dagger Spray"],"picked":"Catalyst","floor":1},{"not_picked":["Reflex","PiercingWail"],"picked":"Masterful Stab","floor":3},{"not_picked":["Underhanded Strike","PiercingWail"],"picked":"Outmaneuver","floor":4},{"not_picked":["Deflect","Endless Agony"],"picked":"Calculated Gamble","floor":12},{"not_picked":["Reflex","Dagger Throw"],"picked":"Bouncing Flask","floor":14}],"player_experience":2280279,"relics_obtained":[{"floor":9,"key":"Happy Flower"},{"floor":14,"key":"MawBank"}],"event_choices":[{"damage_healed":0,"gold_gain":0,"player_choice":"Got Potions","damage_taken":0,"max_hp_gain":0,"max_hp_loss":0,"event_name":"Lab","floor":2,"gold_loss":0},{"damage_healed":0,"gold_gain":0,"player_choice":"Entered Light","damage_taken":20,"max_hp_gain":0,"max_hp_loss":0,"event_name":"Shining Light","floor":5,"gold_loss":0,"cards_upgraded":["Neutralize","Defend_G"]},{"damage_healed":0,"gold_gain":0,"cards_transformed":["Strike_G"],"player_choice":"Change","damage_taken":0,"max_hp_gain":0,"max_hp_loss":0,"event_name":"Living Wall","floor":7,"gold_loss":0,"cards_obtained":["Setup"]},{"cards_removed":["Defend_G"],"damage_healed":0,"gold_gain":0,"player_choice":"Card Removal","damage_taken":7,"max_hp_gain":0,"max_hp_loss":0,"event_name":"Golden Wing","floor":10,"gold_loss":0},{"damage_healed":0,"gold_gain":0,"player_choice":"Trade","damage_taken":0,"relics_obtained":["SsserpentHead"],"max_hp_gain":0,"max_hp_loss":0,"event_name":"FaceTrader","floor":11,"gold_loss":0}],"is_beta":false,"boss_relics":[],"items_purged_floors":[13],"is_endless":false,"potions_floor_spawned":[3,4,14],"killed_by":"Slime Boss","ascension_level":20}