{"gold_per_floor":[110,110,125,125,140,166,166,198,221,221,233,246,171,197,197,273,273,293,308,322,334,349,349,381,381,405,417,417,445,445,108,108,181,181,201,36,36,46,57,90,90,123,123,139,39,66,66,76,76,76,76,76,76,19,44,44],"floor_reached":56,"playtime":3498,"items_purged":["Defend_G","Decay"],"score":2294,"play_id":"59bcd431-0118-4ffb-b64a-9c7ba89be09b","local_time":"20230401230457","is_ascension_mode":true,"campfire_choices":[{"floor":7,"key":"REST"},{"floor":10,"key":"REST"},{"data":"Accuracy","floor":15,"key":"SMITH"},{"floor":23,"key":"REST"},{"floor":28,"key":"REST"},{"data":"Adrenaline","floor":32,"key":"SMITH"},{"data":"Neutralize","floor":41,"key":"SMITH"},{"data":"Adrenaline","floor":47,"key":"SMITH"},{"floor":49,"key":"RECALL"},{"floor":53,"key":"REST"}],"neow_cost":"NONE","seed_source_timestamp":734619124995600,"circlet_count":0,"master_deck":["AscendersBane","Strike_G+1","Defend_G+1","Defend_G","Survivor","Neutralize+1","Bullet Time+1","A Thousand Cuts+1","Acrobatics+1","Quick Slash+1","Leg Sweep+1","Unload","Accuracy+1","Cloak And Dagger","Cloak And Dagger","Backflip","After Image","Adrenaline+1","Well Laid Plans+1","Blade Dance","Accuracy+1","Backflip","Escape Plan+1","Phantasmal Killer","Flash of Steel","Adrenaline+1","Caltrops+1"],"relics":["Astrolabe","War Paint","Whetstone","Bag of Preparation","Dream Catcher","SlaversCollar","Centennial Puzzle","Art of War","Boot","Strawberry","Runic Dome","ClockworkSouvenir","Blood Vial","HornCleat","White Beast Statue","Bag of Marbles"],"potions_floor_usage":[8,39,51,55,56,56],"damage_taken":[{"damage":1,"enemies":"Jaw Worm","floor":1,"turns":4},{"damage":2,"enemies":"2 Louse","floor":3,"turns":3},{"damage":0,"enemies":"Cultist","floor":5,"turns":3},{"damage":32,"enemies":"3 Sentries","floor":6,"turns":8},{"damage":25,"enemies":"Gremlin Nob","floor":8,"turns":4},{"damage":0,"enemies":"Large Slime","floor":11,"turns":3},{"damage":0,"enemies":"Exordium Thugs","floor":12,"turns":4},{"damage":8,"enemies":"3 Sentries","floor":14,"turns":6},{"damage":16,"enemies":"The Guardian","floor":16,"turns":11},{"damage":0,"enemies":"Spheric Guardian","floor":18,"turns":3},{"damage":3,"enemies":"2 Thieves","floor":19,"turns":3},{"damage":8,"enemies":"Snake Plant","floor":20,"turns":5},{"damage":0,"enemies":"Centurion and Healer","floor":21,"turns":7},{"damage":32,"enemies":"Cultist and Chosen","floor":22,"turns":9},{"damage":0,"enemies":"Gremlin Leader","floor":24,"turns":6},{"damage":12,"enemies":"Snecko","floor":27,"turns":5},{"damage":2,"enemies":"Slavers","floor":29,"turns":2},{"damage":0,"enemies":"Collector","floor":33,"turns":4},{"damage":0,"enemies":"Orb Walker","floor":35,"turns":2},{"damage":7,"enemies":"3 Darklings","floor":38,"turns":2},{"damage":0,"enemies":"Jaw Worm Horde","floor":39,"turns":2},{"damage":0,"enemies":"Giant Head","floor":40,"turns":4},{"damage":0,"enemies":"Reptomancer","floor":42,"turns":3},{"damage":0,"enemies":"Spire Growth","floor":44,"turns":4},{"damage":0,"enemies":"Giant Head","floor":46,"turns":5},{"damage":2,"enemies":"3 Darklings","floor":48,"turns":3},{"damage":55,"enemies":"Time Eater","floor":50,"turns":10},{"damage":16,"enemies":"Awakened One","floor":51,"turns":6},{"damage":53,"enemies":"Shield and Spear","floor":55,"turns":5},{"damage":63,"enemies":"The Heart","floor":56,"turns":5}],"seed_played":"-6644367254335225448","potions_obtained":[{"floor":3,"key":"CultistPotion"},{"floor":6,"key":"SteroidPotion"},{"floor":11,"key":"LiquidBronze"},{"floor":39,"key":"GamblersBrew"},{"floor":48,"key":"Fruit Juice"},{"floor":55,"key":"CultistPotion"}],"is_trial":false,"path_per_floor":["M","?","M","?","M","E","R","E","T","R","M","M","?","E","R","B",null,"M","M","M","M","M","R","E","?","T","M","R","E","?","$","R","B",null,"M","$","?","M","M","E","R","E","T","M","$","E","R","M","R","B","B",null,"R","$","E","B"],"character_chosen":"THE_SILENT","items_purchased":["Strawberry","Flash of Steel","ClockworkSouvenir","AttackPotion"],"campfire_rested":5,"item_purchase_floors":[31,31,36,54],"current_hp_per_floor":[58,63,61,61,61,29,50,25,25,46,46,46,46,38,38,22,59,59,56,48,48,16,37,37,37,37,25,46,44,44,51,51,51,71,71,71,71,64,64,64,64,66,66,68,68,70,70,70,70,17,8,64,83,83,30,0],"gold":44,"neow_bonus":"BOSS_RELIC","is_prod":false,"is_daily":false,"chose_seed":false,"campfire_upgraded":4,"win_rate":0,"timestamp":1680383097,"path_taken":["M","?","M","?","M","E","R","E","T","R","M","M","?","E","R","BOSS","M","M","M","M","M","R","E","?","T","?","R","E","?","?","R","BOSS","M","?","?","M","?","E","R","E","T","M","$","E","R","M","R","BOSS","BOSS","R","$","E","BOSS"],"build_version":"2022-12-18","purchased_purges":2,"victory":false,"max_hp_per_floor":[66,71,71,71,71,71,71,71,71,71,71,71,71,71,71,71,71,71,71,71,71,71,71,71,71,71,71,71,71,71,78,78,78,78,78,78,78,78,78,78,78,78,78,78,78,78,78,78,78,78,83,83,83,83,83,83],"card_choices":[{"not_picked":["Dagger Spray","Prepared"],"picked":"Quick Slash","floor":1},{"not_picked":["Outmaneuver","Dagger Spray"],"picked":"Leg Sweep","floor":3},{"not_picked":["Finisher","Dodge and Roll"],"picked":"Accuracy","floor":5},{"not_picked":["Blur","Crippling Poison"],"picked":"Cloak And Dagger","floor":6},{"not_picked":["Terror","Eviscerate"],"picked":"Cloak And Dagger","floor":8},{"not_picked":["Bullet Time","Finisher"],"picked":"Backflip","floor":11},{"not_picked":["Choke","Sucker Punch","Prepared"],"picked":"SKIP","floor":12},{"not_picked":["Bouncing Flask","Quick Slash"],"picked":"After Image","floor":14},{"not_picked":["Burst","Unload"],"picked":"Adrenaline","floor":16},{"not_picked":["Poisoned Stab","Slice","Bane"],"picked":"SKIP","floor":18},{"not_picked":["Acrobatics","Dagger Spray","Slice"],"picked":"SKIP","floor":19},{"not_picked":["Sucker Punch","PiercingWail","Masterful Stab+1"],"picked":"SKIP","floor":20},{"not_picked":["Bane","Eviscerate+1"],"picked":"Well Laid Plans+1","floor":21},{"not_picked":["Cloak And Dagger","Choke","Dagger Spray"],"picked":"SKIP","floor":22},{"not_picked":["Setup+1","Acrobatics"],"picked":"Blade Dance","floor":23},{"not_picked":["Backstab","Blur","Dagger Throw"],"picked":"SKIP","floor":24},{"not_picked":["Dagger Throw","Skewer","Sucker Punch"],"picked":"SKIP","floor":27},{"not_picked":["Prepared","Catalyst"],"picked":"Backflip","floor":28},{"not_picked":["All Out Attack","Dagger Throw+1"],"picked":"Escape Plan+1","floor":29},{"not_picked":["Phantasmal Killer","Tools of the Trade"],"picked":"Adrenaline","floor":33},{"not_picked":["Quick Slash+1","Escape Plan","Deflect+1"],"picked":"SKIP","floor":35},{"not_picked":["Underhanded Strike","Expertise","Deadly Poison"],"picked":"SKIP","floor":38},{"not_picked":["Deflect+1","Infinite Blades","Acrobatics"],"picked":"SKIP","floor":39},{"not_picked":["Leg Sweep","Underhanded Strike+1","Flying Knee"],"picked":"SKIP","floor":40},{"not_picked":["Night Terror","Blade Dance","Tactician"],"picked":"SKIP","floor":42},{"not_picked":["Outmaneuver","Dash"],"picked":"Caltrops+1","floor":44},{"not_picked":["Reflex","Night Terror","Sucker Punch"],"picked":"SKIP","floor":46},{"not_picked":["Calculated Gamble","Infinite Blades","Dagger Spray"],"picked":"SKIP","floor":48},{"not_picked":["Calculated Gamble","Infinite Blades","Dagger Spray"],"picked":"SKIP","floor":48},{"not_picked":["Eviscerate","Heel Hook","Setup"],"picked":"SKIP","floor":55}],"player_experience":2309879,"relics_obtained":[{"floor":6,"key":"War Paint"},{"floor":8,"key":"Whetstone"},{"floor":9,"key":"Bag of Preparation"},{"floor":14,"key":"Dream Catcher"},{"floor":24,"key":"Centennial Puzzle"},{"floor":26,"key":"Art of War"},{"floor":29,"key":"Boot"},{"floor":40,"key":"Blood Vial"},{"floor":42,"key":"HornCleat"},{"floor":46,"key":"White Beast Statue"},{"floor":55,"key":"Bag of Marbles"}],"event_choices":[{"damage_healed":0,"gold_gain":0,"player_choice":"Donut","damage_taken":0,"max_hp_gain":5,"max_hp_loss":0,"event_name":"Big Fish","floor":2,"gold_loss":0},{"damage_healed":0,"gold_gain":0,"cards_transformed":["Strike_G"],"player_choice":"Change","damage_taken":0,"max_hp_gain":0,"max_hp_loss":0,"event_name":"Living Wall","floor":4,"gold_loss":0,"cards_obtained":["Unload"]},{"cards_removed":["Defend_G"],"damage_healed":0,"gold_gain":0,"player_choice":"Card Removal","damage_taken":0,"max_hp_gain":0,"max_hp_loss":0,"event_name":"The Cleric","floor":13,"gold_loss":75},{"damage_healed":0,"gold_gain":0,"player_choice":"Copied","damage_taken":0,"max_hp_gain":0,"max_hp_loss":0,"event_name":"Duplicator","floor":25,"gold_loss":0,"cards_obtained":["Accuracy"]},{"damage_healed":0,"gold_gain":0,"cards_transformed":["Strike_G"],"player_choice":"Transformed","damage_taken":0,"max_hp_gain":0,"max_hp_loss":0,"event_name":"Transmorgrifier","floor":30,"gold_loss":0,"cards_obtained":["Phantasmal Killer"]},{"damage_healed":0,"gold_gain":0,"player_choice":"Cursed","damage_taken":0,"max_hp_gain":0,"max_hp_loss":0,"event_name":"Wheel of Change","floor":37,"gold_loss":0,"cards_obtained":["Decay"]}],"is_beta":false,"boss_relics":[{"not_picked":["Fusion Hammer","Velvet Choker"],"picked":"SlaversCollar"},{"not_picked":["Philosopher\u0027s Stone","Pandora\u0027s Box"],"picked":"Runic Dome"}],"items_purged_floors":[31,45],"is_endless":false,"potions_floor_spawned":[3,6,11,14,19,20,24,27,39,40,48,55],"killed_by":"The Heart","ascension_level":20}