{"gold_per_floor":[109,121,121,121,171,197,197,224,259,286,298,324,336,367,379,466,528,558,581,347,397,53,53],"floor_reached":23,"playtime":786,"items_purged":["Strike_G","Pain"],"score":448,"play_id":"0c304c6d-68eb-4b33-9c76-4f3fc9068bb2","local_time":"20230405125549","is_ascension_mode":true,"campfire_choices":[{"data":"Noxious Fumes","floor":7,"key":"SMITH"},{"data":"Catalyst","floor":13,"key":"SMITH"},{"data":"Riddle With Holes","floor":15,"key":"SMITH"}],"neow_cost":"NONE","seed_source_timestamp":1046389528037400,"circlet_count":0,"master_deck":["AscendersBane","Strike_G","Strike_G","Strike_G","Strike_G","Defend_G","Defend_G","Defend_G+1","Defend_G","Survivor","Neutralize","Noxious Fumes+1","Leg Sweep","Envenom","Outmaneuver","Catalyst+1","Backflip","Riddle With Holes+1","Burst","Bane","Outmaneuver","Catalyst","Metamorphosis","Escape Plan","Noxious Fumes"],"relics":["Ring of the Snake","NeowsBlessing","Potion Belt","MawBank","Juzu Bracelet","SsserpentHead","Tiny House","WarpedTongs","Medical Kit"],"potions_floor_usage":[14,16,18,19],"damage_taken":[{"damage":0,"enemies":"2 Louse","floor":1,"turns":1},{"damage":0,"enemies":"Small Slimes","floor":2,"turns":1},{"damage":0,"enemies":"3 Sentries","floor":6,"turns":2},{"damage":13,"enemies":"Lagavulin","floor":8,"turns":8},{"damage":1,"enemies":"Cultist","floor":10,"turns":4},{"damage":6,"enemies":"Red Slaver","floor":12,"turns":5},{"damage":0,"enemies":"Looter","floor":14,"turns":4},{"damage":26,"enemies":"Hexaghost","floor":16,"turns":9},{"damage":25,"enemies":"3 Byrds","floor":18,"turns":7},{"damage":5,"enemies":"Shell Parasite","floor":19,"turns":9},{"damage":43,"enemies":"Slavers","floor":23,"turns":3}],"seed_played":"-6265223275593125653","potions_obtained":[{"floor":10,"key":"ColorlessPotion"},{"floor":12,"key":"AttackPotion"},{"floor":16,"key":"SpeedPotion"},{"floor":17,"key":"Energy Potion"}],"is_trial":false,"path_per_floor":["M","M","?","?","?","E","R","E","T","M","?","M","R","M","R","B",null,"M","M","$","?","$","E"],"character_chosen":"THE_SILENT","items_purchased":["Metamorphosis","Escape Plan","Medical Kit","Noxious Fumes"],"campfire_rested":0,"item_purchase_floors":[20,20,22,22],"current_hp_per_floor":[59,59,64,64,64,64,64,51,51,50,50,44,44,44,44,18,63,38,33,33,33,33,0],"gold":53,"neow_bonus":"THREE_ENEMY_KILL","is_prod":false,"is_daily":false,"chose_seed":false,"campfire_upgraded":3,"win_rate":0,"timestamp":1680692149,"path_taken":["M","M","?","?","?","E","R","E","T","M","?","M","R","M","R","BOSS","M","M","?","?","$","E"],"build_version":"2022-12-18","purchased_purges":2,"victory":false,"max_hp_per_floor":[66,66,71,71,71,71,71,71,71,71,71,71,71,71,71,71,76,76,76,76,76,76,76],"card_choices":[{"not_picked":["Slice","Acrobatics"],"picked":"Noxious Fumes","floor":1},{"not_picked":["Backflip","Blade Dance"],"picked":"Leg Sweep","floor":2},{"not_picked":["Deflect","Cloak And Dagger"],"picked":"Outmaneuver","floor":6},{"not_picked":["Dagger Spray","Die Die Die"],"picked":"Catalyst","floor":8},{"not_picked":["Caltrops","Slice"],"picked":"Backflip","floor":10},{"not_picked":["Backstab","Leg Sweep","Slice"],"picked":"SKIP","floor":12},{"not_picked":["Underhanded Strike","Prepared"],"picked":"Riddle With Holes","floor":14},{"not_picked":["Corpse Explosion","Phantasmal Killer"],"picked":"Burst","floor":16},{"not_picked":["Blade Dance","Endless Agony"],"picked":"Bane","floor":17},{"not_picked":["Accuracy","Dash"],"picked":"Outmaneuver","floor":18},{"not_picked":["PiercingWail","Terror"],"picked":"Catalyst","floor":19}],"player_experience":2335491,"relics_obtained":[{"floor":6,"key":"Potion Belt"},{"floor":8,"key":"MawBank"},{"floor":9,"key":"Juzu Bracelet"}],"event_choices":[{"damage_healed":0,"gold_gain":0,"player_choice":"Donut","damage_taken":0,"max_hp_gain":5,"max_hp_loss":0,"event_name":"Big Fish","floor":3,"gold_loss":0},{"damage_healed":0,"gold_gain":0,"cards_transformed":["Defend_G"],"player_choice":"Change","damage_taken":0,"max_hp_gain":0,"max_hp_loss":0,"event_name":"Living Wall","floor":4,"gold_loss":0,"cards_obtained":["Envenom"]},{"damage_healed":0,"gold_gain":50,"player_choice":"Pray","damage_taken":0,"max_hp_gain":0,"max_hp_loss":0,"event_name":"Golden Shrine","floor":5,"gold_loss":0},{"damage_healed":0,"gold_gain":0,"player_choice":"Trade","damage_taken":0,"relics_obtained":["SsserpentHead"],"max_hp_gain":0,"max_hp_loss":0,"event_name":"FaceTrader","floor":11,"gold_loss":0},{"damage_healed":0,"gold_gain":0,"player_choice":"Rummage","damage_taken":0,"relics_obtained":["WarpedTongs"],"max_hp_gain":0,"max_hp_loss":0,"event_name":"Accursed Blacksmith","floor":21,"gold_loss":0,"cards_obtained":["Pain"]}],"is_beta":false,"boss_relics":[{"not_picked":["Sozu","Coffee Dripper"],"picked":"Tiny House"}],"items_purged_floors":[20,22],"is_endless":false,"potions_floor_spawned":[10,12,16],"killed_by":"Slavers","ascension_level":20}