{"gold_per_floor":[119,130,55,55,27,62,86,103,128,157,173,173,204,214,214,292,292,306,323,373,12,12],"floor_reached":22,"playtime":548,"items_purged":[],"score":508,"play_id":"a0301251-1eea-4a5e-924a-a2606a345809","local_time":"20230407013930","is_ascension_mode":true,"campfire_choices":[{"data":"Accuracy","floor":12,"key":"SMITH"},{"floor":15,"key":"REST"}],"neow_cost":"NONE","seed_source_timestamp":1178851109909800,"circlet_count":0,"master_deck":["AscendersBane","Strike_G+1","Strike_G","Strike_G","Strike_G","Strike_G","Defend_G","Defend_G","Defend_G","Defend_G","Survivor","Neutralize+1","Accuracy+1","Backflip","Quick Slash","All Out Attack","Blade Dance","Grand Finale","Prepared","Blade Dance","Terror","After Image","Caltrops","Well Laid Plans","Cloak And Dagger"],"relics":["Ring of the Snake","NeowsBlessing","PreservedInsect","Odd Mushroom","Oddly Smooth Stone","Prayer Wheel","Turnip","WristBlade","Toolbox","Bag of Marbles"],"potions_floor_usage":[10,14,16,18],"damage_taken":[{"damage":0,"enemies":"Jaw Worm","floor":1,"turns":1},{"damage":0,"enemies":"2 Louse","floor":2,"turns":1},{"damage":0,"enemies":"Lagavulin","floor":6,"turns":1},{"damage":14,"enemies":"The Mushroom Lair","floor":7,"turns":4},{"damage":0,"enemies":"Small Slimes","floor":8,"turns":3},{"damage":0,"enemies":"3 Sentries","floor":10,"turns":3},{"damage":0,"enemies":"Blue Slaver","floor":11,"turns":4},{"damage":6,"enemies":"Gremlin Nob","floor":13,"turns":3},{"damage":6,"enemies":"Gremlin Gang","floor":14,"turns":3},{"damage":22,"enemies":"Slime Boss","floor":16,"turns":7},{"damage":22,"enemies":"Shell Parasite","floor":18,"turns":5},{"damage":27,"enemies":"3 Byrds","floor":19,"turns":4},{"damage":7,"enemies":"Snecko","floor":22,"turns":2}],"seed_played":"1521861797190992972","potions_obtained":[{"floor":8,"key":"AttackPotion"},{"floor":11,"key":"GamblersBrew"},{"floor":14,"key":"Strength Potion"},{"floor":16,"key":"Dexterity Potion"},{"floor":19,"key":"BlessingOfTheForge"}],"is_trial":false,"path_per_floor":["M","M","?","?","$","E","?","M","T","E","M","R","E","M","R","B",null,"M","M","?","$","M"],"character_chosen":"THE_SILENT","items_purchased":["Quick Slash","Toolbox","Bag of Marbles","Cloak And Dagger"],"campfire_rested":1,"item_purchase_floors":[5,21,21,21],"current_hp_per_floor":[59,59,59,39,39,39,25,25,25,25,25,25,19,13,32,10,52,30,3,3,3,0],"gold":12,"neow_bonus":"THREE_ENEMY_KILL","is_prod":false,"is_daily":false,"chose_seed":false,"campfire_upgraded":1,"win_rate":0,"timestamp":1680824370,"path_taken":["M","M","?","?","?","E","?","M","T","E","?","R","E","M","R","BOSS","M","M","?","$","M"],"build_version":"2022-12-18","purchased_purges":0,"victory":false,"max_hp_per_floor":[66,66,66,66,66,66,66,66,66,66,66,66,66,66,66,66,66,66,66,66,66,66],"card_choices":[{"not_picked":["Blade Dance","Footwork"],"picked":"Accuracy","floor":1},{"not_picked":["Slice","Underhanded Strike"],"picked":"Backflip","floor":2},{"not_picked":["Reflex","Calculated Gamble"],"picked":"All Out Attack","floor":6},{"not_picked":["Predator","Noxious Fumes"],"picked":"Blade Dance","floor":7},{"not_picked":["Dagger Spray","Poisoned Stab","Quick Slash"],"picked":"SKIP","floor":8},{"not_picked":["Reflex","Deadly Poison"],"picked":"Grand Finale","floor":10},{"not_picked":["Tactician","Bane"],"picked":"Prepared","floor":11},{"not_picked":["Quick Slash","Bane","PiercingWail"],"picked":"SKIP","floor":11},{"not_picked":["A Thousand Cuts","Skewer"],"picked":"Blade Dance","floor":13},{"not_picked":["Eviscerate","Flying Knee"],"picked":"Terror","floor":14},{"not_picked":["Underhanded Strike","Setup","Noxious Fumes"],"picked":"SKIP","floor":14},{"not_picked":["A Thousand Cuts","Storm of Steel"],"picked":"After Image","floor":16},{"not_picked":["Dagger Spray","Concentrate"],"picked":"Caltrops","floor":18},{"not_picked":["Flying Knee","Poisoned Stab","Outmaneuver"],"picked":"SKIP","floor":18},{"not_picked":["Slice","Masterful Stab"],"picked":"Well Laid Plans","floor":19},{"not_picked":["Caltrops+1","Distraction","PiercingWail+1"],"picked":"SKIP","floor":19}],"player_experience":2347926,"relics_obtained":[{"floor":6,"key":"PreservedInsect"},{"floor":7,"key":"Odd Mushroom"},{"floor":9,"key":"Oddly Smooth Stone"},{"floor":10,"key":"Prayer Wheel"},{"floor":13,"key":"Turnip"}],"event_choices":[{"cards_removed":["Defend_G"],"damage_healed":0,"gold_gain":0,"player_choice":"Card Removal","damage_taken":0,"max_hp_gain":0,"max_hp_loss":0,"event_name":"The Cleric","floor":3,"gold_loss":75},{"damage_healed":0,"gold_gain":0,"player_choice":"Entered Light","damage_taken":20,"max_hp_gain":0,"max_hp_loss":0,"event_name":"Shining Light","floor":4,"gold_loss":0,"cards_upgraded":["Strike_G","Neutralize"]},{"damage_healed":0,"gold_gain":0,"player_choice":"Fought Mushrooms","damage_taken":0,"max_hp_gain":0,"max_hp_loss":0,"event_name":"Mushrooms","floor":7,"gold_loss":0},{"damage_healed":0,"gold_gain":50,"player_choice":"Stole From Cult","damage_taken":0,"max_hp_gain":0,"max_hp_loss":0,"event_name":"Nest","floor":20,"gold_loss":0}],"is_beta":false,"boss_relics":[{"not_picked":["SacredBark","Tiny House"],"picked":"WristBlade"}],"items_purged_floors":[],"is_endless":false,"potions_floor_spawned":[8,11,14,16,19],"killed_by":"Snecko","ascension_level":20}