{"gold_per_floor":[16,16,16,33,53,53,87,87,87,87,119,139,169,184,184,263,263,276,302,352,277,277,277,31,59,71,101,113],"floor_reached":28,"playtime":951,"items_purged":[],"score":508,"play_id":"329e8a4d-edd4-49ba-845a-60618a18e07a","local_time":"20230409124007","is_ascension_mode":true,"campfire_choices":[{"data":"Cloak And Dagger","floor":6,"key":"SMITH"},{"data":"Accuracy","floor":8,"key":"SMITH"},{"data":"Neutralize","floor":10,"key":"SMITH"},{"floor":15,"key":"REST"},{"data":"A Thousand Cuts","floor":23,"key":"SMITH"}],"neow_cost":"NO_GOLD","seed_source_timestamp":79626650490300,"circlet_count":0,"master_deck":["AscendersBane","Strike_G","Strike_G","Defend_G","Defend_G","Defend_G","Defend_G","Defend_G","Survivor","Neutralize+1","Distraction","Finisher","All Out Attack","Calculated Gamble","Cloak And Dagger+1","Accuracy+1","Accuracy","A Thousand Cuts+1","Heel Hook","Burst","CurseOfTheBell","Concentrate","Infinite Blades","Footwork","Acrobatics+1"],"relics":["Ring of the Snake","Sundial","PreservedInsect","Pen Nib","Bottled Tornado","Calling Bell","Orichalcum","Meat on the Bone","Tough Bandages","Red Mask","Sling","MawBank","Toxic Egg 2"],"potions_floor_usage":[11,13,18,25,25],"damage_taken":[{"damage":1,"enemies":"Jaw Worm","floor":1,"turns":8},{"damage":1,"enemies":"Cultist","floor":4,"turns":3},{"damage":2,"enemies":"2 Louse","floor":5,"turns":3},{"damage":16,"enemies":"Lagavulin","floor":7,"turns":6},{"damage":7,"enemies":"3 Sentries","floor":11,"turns":7},{"damage":0,"enemies":"Exordium Wildlife","floor":12,"turns":3},{"damage":16,"enemies":"Gremlin Nob","floor":13,"turns":4},{"damage":10,"enemies":"3 Louse","floor":14,"turns":3},{"damage":27,"enemies":"Slime Boss","floor":16,"turns":9},{"damage":21,"enemies":"3 Byrds","floor":18,"turns":6},{"damage":33,"enemies":"Masked Bandits","floor":19,"turns":5},{"damage":12,"enemies":"Book of Stabbing","floor":25,"turns":4},{"damage":9,"enemies":"Spheric Guardian","floor":27,"turns":4},{"damage":30,"enemies":"Slavers","floor":28,"turns":2}],"seed_played":"-3000602601122639725","potions_obtained":[{"floor":5,"key":"Regen Potion"},{"floor":7,"key":"Dexterity Potion"},{"floor":11,"key":"Ancient Potion"},{"floor":14,"key":"Weak Potion"},{"floor":19,"key":"FearPotion"}],"is_trial":false,"path_per_floor":["M","?","$","M","M","R","E","R","T","R","E","M","E","M","R","B",null,"M","?","?","?","?","R","$","E","T","M","E"],"character_chosen":"THE_SILENT","items_purchased":["Sling","Infinite Blades"],"campfire_rested":1,"item_purchase_floors":[24,24],"current_hp_per_floor":[58,58,58,57,55,55,39,39,39,39,47,47,31,21,40,13,53,44,23,23,23,23,23,23,23,23,26,0],"gold":113,"neow_bonus":"TRANSFORM_TWO_CARDS","is_prod":false,"is_daily":false,"chose_seed":false,"campfire_upgraded":4,"win_rate":0,"timestamp":1681036807,"path_taken":["M","?","?","?","M","R","E","R","T","R","E","M","E","M","R","BOSS","M","?","?","?","?","R","$","E","T","M","E"],"build_version":"2022-12-18","purchased_purges":0,"victory":false,"max_hp_per_floor":[66,66,66,66,66,66,66,66,66,66,66,66,66,66,66,66,66,66,66,66,66,66,66,66,66,66,66,66],"card_choices":[{"not_picked":["Flying Knee","Deflect"],"picked":"All Out Attack","floor":1},{"not_picked":["Deadly Poison","Flying Knee"],"picked":"Calculated Gamble","floor":4},{"not_picked":["Choke","Dagger Throw"],"picked":"Cloak And Dagger","floor":5},{"not_picked":["Dagger Spray","Sucker Punch"],"picked":"Accuracy","floor":7},{"not_picked":["Predator","Backstab"],"picked":"Accuracy","floor":11},{"not_picked":["Caltrops","Dodge and Roll"],"picked":"A Thousand Cuts","floor":12},{"not_picked":["Dagger Spray","Slice","Deflect"],"picked":"SKIP","floor":13},{"not_picked":["Dagger Spray","Slice","Deflect"],"picked":"SKIP","floor":13},{"not_picked":["Deadly Poison","Flying Knee"],"picked":"Heel Hook","floor":14},{"not_picked":["Glass Knife","Night Terror"],"picked":"Burst","floor":16},{"not_picked":["Bouncing Flask","Slice"],"picked":"Concentrate","floor":18},{"not_picked":["Blur","Sucker Punch"],"picked":"Footwork","floor":25},{"not_picked":["Blur+1","Slice"],"picked":"Acrobatics+1","floor":27}],"player_experience":2355433,"relics_obtained":[{"floor":7,"key":"Sundial"},{"floor":9,"key":"PreservedInsect"},{"floor":11,"key":"Pen Nib"},{"floor":13,"key":"Bottled Tornado"},{"floor":17,"key":"Orichalcum"},{"floor":17,"key":"Meat on the Bone"},{"floor":17,"key":"Tough Bandages"},{"floor":19,"key":"Red Mask"},{"floor":25,"key":"MawBank"},{"floor":26,"key":"Toxic Egg 2"}],"event_choices":[{"damage_healed":0,"gold_gain":0,"player_choice":"Ignored","damage_taken":0,"max_hp_gain":0,"max_hp_loss":0,"event_name":"WeMeetAgain","floor":2,"gold_loss":0},{"damage_healed":0,"gold_gain":0,"player_choice":"Fought Bandits","damage_taken":0,"max_hp_gain":0,"max_hp_loss":0,"event_name":"Masked Bandits","floor":19,"gold_loss":0},{"damage_healed":0,"gold_gain":50,"player_choice":"Stole From Cult","damage_taken":0,"max_hp_gain":0,"max_hp_loss":0,"event_name":"Nest","floor":20,"gold_loss":0},{"cards_removed":["Strike_G"],"damage_healed":0,"gold_gain":0,"player_choice":"Gave Gold","damage_taken":0,"max_hp_gain":0,"max_hp_loss":0,"event_name":"Beggar","floor":21,"gold_loss":75},{"damage_healed":0,"gold_gain":0,"player_choice":"Ignored","damage_taken":0,"max_hp_gain":0,"max_hp_loss":0,"event_name":"Vampires","floor":22,"gold_loss":0}],"is_beta":false,"boss_relics":[{"not_picked":["SacredBark","Ring of the Serpent"],"picked":"Calling Bell"}],"items_purged_floors":[],"is_endless":false,"potions_floor_spawned":[5,7,11,14,19],"killed_by":"Slavers","ascension_level":20}