{"gold_per_floor":[116,136,136,148,161,196,215,215,215,245,259,19,19,32,32,32],"floor_reached":16,"playtime":707,"items_purged":[],"score":228,"play_id":"01db3894-b781-45e0-acea-ffbad32bfb55","local_time":"20230429141035","is_ascension_mode":true,"campfire_choices":[{"floor":8,"key":"REST"},{"floor":15,"key":"REST"}],"neow_cost":"PERCENT_DAMAGE","seed_source_timestamp":46415581901600,"circlet_count":0,"master_deck":["AscendersBane","Strike_G","Strike_G","Strike_G","Strike_G","Strike_G","Defend_G","Defend_G","Defend_G","Defend_G","Defend_G","Survivor","Neutralize","Reflex","Flying Knee","Dagger Spray","Heel Hook","Terror","Envenom","Acrobatics","Bane","Envenom"],"relics":["Ring of the Snake","PreservedInsect","The Specimen","Thread and Needle","Bag of Preparation"],"potions_floor_usage":[6,6,11,11,14,16],"damage_taken":[{"damage":1,"enemies":"Cultist","floor":1,"turns":4},{"damage":1,"enemies":"Small Slimes","floor":2,"turns":4},{"damage":2,"enemies":"Jaw Worm","floor":4,"turns":6},{"damage":9,"enemies":"Blue Slaver","floor":5,"turns":5},{"damage":25,"enemies":"Gremlin Nob","floor":6,"turns":5},{"damage":32,"enemies":"Gremlin Gang","floor":7,"turns":6},{"damage":25,"enemies":"3 Sentries","floor":10,"turns":8},{"damage":0,"enemies":"2 Fungi Beasts","floor":11,"turns":2},{"damage":0,"enemies":"Exordium Thugs","floor":14,"turns":5},{"damage":29,"enemies":"Slime Boss","floor":16,"turns":6}],"seed_played":"1836147079171526616","potions_obtained":[{"floor":1,"key":"Ancient Potion"},{"floor":5,"key":"PowerPotion"},{"floor":10,"key":"EntropicBrew"},{"floor":11,"key":"DistilledChaos"},{"floor":14,"key":"LiquidBronze"}],"is_trial":false,"path_per_floor":["M","M","?","M","M","E","M","R","T","E","M","$","?","M","R","B"],"character_chosen":"THE_SILENT","items_purchased":["Envenom","Bag of Preparation"],"campfire_rested":2,"item_purchase_floors":[12,12],"current_hp_per_floor":[43,42,76,74,65,40,8,30,30,5,5,5,5,5,27,0],"gold":32,"neow_bonus":"THREE_RARE_CARDS","is_prod":false,"is_daily":false,"chose_seed":false,"campfire_upgraded":0,"win_rate":0,"timestamp":1682770235,"path_taken":["M","M","?","?","?","E","?","R","T","E","?","$","?","M","R","BOSS"],"build_version":"2022-12-18","purchased_purges":0,"victory":false,"max_hp_per_floor":[66,66,76,76,76,76,76,76,76,76,76,76,76,76,76,76],"card_choices":[{"not_picked":["Bullet Time","Doppelganger"],"picked":"Die Die Die","floor":0},{"not_picked":["Predator","Sucker Punch"],"picked":"Reflex","floor":1},{"not_picked":["Slice","Escape Plan"],"picked":"Flying Knee","floor":2},{"not_picked":["Slice","Cloak And Dagger"],"picked":"Dagger Spray","floor":4},{"not_picked":["Underhanded Strike","Masterful Stab"],"picked":"Heel Hook","floor":5},{"not_picked":["Concentrate","Noxious Fumes"],"picked":"Terror","floor":6},{"not_picked":["Dodge and Roll","Prepared"],"picked":"Envenom","floor":7},{"not_picked":["PiercingWail","Calculated Gamble"],"picked":"Acrobatics","floor":10},{"not_picked":["Caltrops","Acrobatics"],"picked":"Bane","floor":11},{"not_picked":["Slice","Dodge and Roll","Eviscerate"],"picked":"SKIP","floor":14}],"player_experience":2385445,"relics_obtained":[{"floor":6,"key":"PreservedInsect"},{"floor":9,"key":"The Specimen"},{"floor":10,"key":"Thread and Needle"}],"event_choices":[{"cards_removed":["Die Die Die"],"damage_healed":24,"gold_gain":0,"player_choice":"Offered Rare","damage_taken":0,"max_hp_gain":10,"max_hp_loss":0,"event_name":"Bonfire Elementals","floor":3,"gold_loss":0},{"damage_healed":0,"gold_gain":0,"player_choice":"Ignored","damage_taken":0,"max_hp_gain":0,"max_hp_loss":0,"event_name":"Shining Light","floor":13,"gold_loss":0}],"is_beta":false,"boss_relics":[],"items_purged_floors":[],"is_endless":false,"potions_floor_spawned":[1,5,10,11,14],"killed_by":"Slime Boss","ascension_level":20}