{"gold_per_floor":[110,110,110,120,133,167,167,167],"floor_reached":8,"playtime":367,"items_purged":[],"score":112,"play_id":"4b24e155-55b4-44f8-a63d-ef79b6b57c1a","local_time":"20230430200227","is_ascension_mode":true,"campfire_choices":[{"floor":7,"key":"REST"}],"neow_cost":"TEN_PERCENT_HP_LOSS","seed_source_timestamp":154271027178400,"circlet_count":0,"master_deck":["AscendersBane","Strike_G","Strike_G","Strike_G","Strike_G","Defend_G","Defend_G","Defend_G","Defend_G","Defend_G","Survivor","Neutralize","Skewer","Well Laid Plans","Distraction","Leg Sweep"],"relics":["Ring of the Snake","Bird Faced Urn","MealTicket","Pocketwatch"],"potions_floor_usage":[6,8],"damage_taken":[{"damage":1,"enemies":"Cultist","floor":1,"turns":4},{"damage":10,"enemies":"Small Slimes","floor":4,"turns":4},{"damage":4,"enemies":"Jaw Worm","floor":5,"turns":4},{"damage":8,"enemies":"3 Sentries","floor":6,"turns":9},{"damage":46,"enemies":"Lagavulin","floor":8,"turns":13}],"seed_played":"-1200256721165553822","potions_obtained":[{"floor":1,"key":"Block Potion"},{"floor":5,"key":"ColorlessPotion"}],"is_trial":false,"path_per_floor":["M","?","?","M","M","E","R","E"],"character_chosen":"THE_SILENT","items_purchased":[],"campfire_rested":1,"item_purchase_floors":[],"current_hp_per_floor":[58,51,40,30,28,22,40,0],"gold":167,"neow_bonus":"ONE_RARE_RELIC","is_prod":false,"is_daily":false,"chose_seed":false,"campfire_upgraded":0,"win_rate":0,"timestamp":1682877747,"path_taken":["M","?","?","M","M","E","R","E"],"build_version":"2022-12-18","purchased_purges":0,"victory":false,"max_hp_per_floor":[60,60,60,60,60,60,60,60],"card_choices":[{"not_picked":["Deadly Poison","Setup"],"picked":"Skewer","floor":1},{"not_picked":["Slice","Infinite Blades"],"picked":"Well Laid Plans","floor":4},{"not_picked":["Acrobatics","Blade Dance"],"picked":"Distraction","floor":5},{"not_picked":["PiercingWail","Underhanded Strike"],"picked":"Leg Sweep","floor":6}],"player_experience":2388483,"relics_obtained":[{"floor":6,"key":"Pocketwatch"}],"event_choices":[{"cards_removed":["Strike_G"],"damage_healed":0,"gold_gain":0,"player_choice":"Card Removal","damage_taken":7,"max_hp_gain":0,"max_hp_loss":0,"event_name":"Golden Wing","floor":2,"gold_loss":0},{"damage_healed":0,"gold_gain":0,"player_choice":"Success","damage_taken":11,"relics_obtained":["MealTicket"],"max_hp_gain":0,"max_hp_loss":0,"event_name":"Scrap Ooze","floor":3,"gold_loss":0}],"is_beta":false,"boss_relics":[],"items_purged_floors":[],"is_endless":false,"potions_floor_spawned":[1,5],"killed_by":"Lagavulin","ascension_level":20}