{"gold_per_floor":[117,135,37,37,112,112,151,164,164,164,6,6,40,103,103,194,194,208,221,245,245,160,193,193,229,255,280,42,83,103,121,121,121],"floor_reached":33,"playtime":1107,"items_purged":[],"score":676,"play_id":"4fd20a46-e542-4620-9905-a7e127df8883","local_time":"20230521184715","is_ascension_mode":true,"campfire_choices":[{"data":"Skewer","floor":6,"key":"SMITH"},{"data":"Bandage Up","floor":10,"key":"SMITH"},{"data":"Calculated Gamble","floor":15,"key":"SMITH"},{"floor":24,"key":"REST"},{"floor":32,"key":"REST"}],"neow_cost":"NONE","seed_source_timestamp":597860753860200,"circlet_count":0,"master_deck":["AscendersBane","Strike_G","Strike_G","Strike_G","Strike_G","Strike_G","Defend_G","Defend_G","Defend_G","Defend_G","Defend_G","Survivor","Neutralize","Skewer+1","Calculated Gamble+1","Bandage Up+1","Slice","Caltrops","Adrenaline","Slice","Venomology","Crippling Poison","Backflip","Well Laid Plans","Doppelganger"],"relics":["Ring of the Snake","NeowsBlessing","Golden Idol","Akabeko","StrikeDummy","ClockworkSouvenir","Oddly Smooth Stone","PreservedInsect","Busted Crown","Enchiridion","Lizard Tail","Lantern","InkBottle","TwistedFunnel","CaptainsWheel"],"potions_floor_usage":[13,14,16,19,19,20,23,23,25,27,29,29,30,33,33,33],"damage_taken":[{"damage":0,"enemies":"Cultist","floor":1,"turns":1},{"damage":0,"enemies":"Jaw Worm","floor":2,"turns":1},{"damage":0,"enemies":"3 Sentries","floor":7,"turns":1},{"damage":7,"enemies":"Small Slimes","floor":8,"turns":2},{"damage":6,"enemies":"Gremlin Nob","floor":13,"turns":3},{"damage":1,"enemies":"3 Sentries","floor":14,"turns":4},{"damage":30,"enemies":"The Guardian","floor":16,"turns":12},{"damage":26,"enemies":"Shell Parasite","floor":18,"turns":7},{"damage":0,"enemies":"Chosen","floor":19,"turns":2},{"damage":9,"enemies":"Centurion and Healer","floor":20,"turns":5},{"damage":5,"enemies":"Slavers","floor":23,"turns":3},{"damage":6,"enemies":"Book of Stabbing","floor":25,"turns":4},{"damage":17,"enemies":"Shelled Parasite and Fungi","floor":27,"turns":2},{"damage":7,"enemies":"Slavers","floor":29,"turns":3},{"damage":12,"enemies":"Snake Plant","floor":30,"turns":3},{"damage":6,"enemies":"Centurion and Healer","floor":31,"turns":3},{"damage":150,"enemies":"Automaton","floor":33,"turns":16}],"seed_played":"-4312050577707050098","potions_obtained":[{"floor":7,"key":"ColorlessPotion"},{"floor":8,"key":"DistilledChaos"},{"floor":14,"key":"Weak Potion"},{"floor":19,"key":"AttackPotion"},{"floor":23,"key":"Block Potion"},{"floor":27,"key":"AttackPotion"},{"floor":29,"key":"DuplicationPotion"}],"is_trial":false,"path_per_floor":["M","M","$","?","?","R","E","M","T","R","$","?","E","?","R","B",null,"M","M","M","?","?","E","R","E","T","M","$","E","M","M","R","B"],"character_chosen":"THE_SILENT","items_purchased":["Bandage Up","ClockworkSouvenir","TwistedFunnel","Well Laid Plans"],"campfire_rested":2,"item_purchase_floors":[3,11,28,28],"current_hp_per_floor":[59,59,59,36,25,25,29,26,26,26,26,31,31,36,36,12,56,36,42,39,18,18,13,34,34,34,32,32,31,25,25,46,0],"gold":121,"neow_bonus":"THREE_ENEMY_KILL","is_prod":false,"is_daily":false,"chose_seed":false,"campfire_upgraded":3,"win_rate":0,"timestamp":1684687635,"path_taken":["M","M","$","?","?","R","E","M","T","R","?","?","E","?","R","BOSS","M","M","M","?","?","E","R","E","T","M","$","E","M","M","R","BOSS"],"build_version":"2022-12-18","purchased_purges":0,"victory":false,"max_hp_per_floor":[66,66,66,66,66,66,66,66,66,66,66,71,71,71,71,71,71,71,71,71,71,71,71,71,71,71,71,71,71,71,71,71,71],"card_choices":[{"not_picked":["Blade Dance","Dodge and Roll"],"picked":"Skewer","floor":1},{"not_picked":["Cloak And Dagger","Dagger Throw"],"picked":"Calculated Gamble","floor":2},{"not_picked":["Deadly Poison","Riddle With Holes"],"picked":"Slice","floor":7},{"not_picked":["Flying Knee","Deflect"],"picked":"Caltrops","floor":8},{"not_picked":["Prepared","Sucker Punch"],"picked":"Adrenaline","floor":13},{"not_picked":["Poisoned Stab","Underhanded Strike"],"picked":"Slice","floor":14},{"not_picked":["Phantasmal Killer","Wraith Form v2"],"picked":"Venomology","floor":16},{"not_picked":["Dagger Throw"],"picked":"SKIP","floor":18},{"not_picked":[],"picked":"Crippling Poison","floor":19},{"not_picked":["PiercingWail"],"picked":"SKIP","floor":20},{"not_picked":["Crippling Poison"],"picked":"SKIP","floor":23},{"not_picked":["Leg Sweep"],"picked":"SKIP","floor":25},{"not_picked":[],"picked":"Backflip","floor":27},{"not_picked":["Slice"],"picked":"SKIP","floor":29},{"not_picked":[],"picked":"Doppelganger","floor":30},{"not_picked":["Dagger Spray+1"],"picked":"SKIP","floor":31}],"player_experience":2393858,"relics_obtained":[{"floor":7,"key":"Akabeko"},{"floor":9,"key":"StrikeDummy"},{"floor":13,"key":"Oddly Smooth Stone"},{"floor":14,"key":"PreservedInsect"},{"floor":21,"key":"Enchiridion"},{"floor":23,"key":"Lantern"},{"floor":25,"key":"InkBottle"},{"floor":29,"key":"CaptainsWheel"}],"event_choices":[{"damage_healed":0,"gold_gain":0,"player_choice":"Take Damage","damage_taken":23,"relics_obtained":["Golden Idol"],"max_hp_gain":0,"max_hp_loss":0,"event_name":"Golden Idol","floor":4,"gold_loss":0},{"damage_healed":0,"gold_gain":75,"player_choice":"Gather Gold","damage_taken":11,"max_hp_gain":0,"max_hp_loss":0,"event_name":"World of Goop","floor":5,"gold_loss":0},{"damage_healed":0,"gold_gain":0,"player_choice":"Donut","damage_taken":0,"max_hp_gain":5,"max_hp_loss":0,"event_name":"Big Fish","floor":12,"gold_loss":0},{"damage_healed":0,"gold_gain":30,"player_choice":"Searched \u00273\u0027 times","damage_taken":0,"max_hp_gain":0,"max_hp_loss":0,"event_name":"Dead Adventurer","floor":14,"gold_loss":0},{"damage_healed":0,"gold_gain":0,"player_choice":"Obtained Book","damage_taken":21,"max_hp_gain":0,"max_hp_loss":0,"event_name":"Cursed Tome","floor":21,"gold_loss":0},{"damage_healed":0,"gold_gain":0,"player_choice":"Obtained Relic","damage_taken":0,"relics_obtained":["Lizard Tail"],"max_hp_gain":0,"max_hp_loss":0,"event_name":"Addict","floor":22,"gold_loss":85}],"is_beta":false,"boss_relics":[{"not_picked":["Empty Cage","Cursed Key"],"picked":"Busted Crown"}],"items_purged_floors":[],"is_endless":false,"potions_floor_spawned":[7,8,14,19,23,27,29],"killed_by":"Automaton","ascension_level":20}