{"gold_per_floor":[368,388,63,73,148,175,193,193,193,193,521,521,549,604,604,676,676,691,74,84,84],"floor_reached":21,"playtime":971,"items_purged":[],"score":394,"play_id":"c036acac-d335-4f25-a29e-ada970f70bca","local_time":"20230802152135","is_ascension_mode":true,"campfire_choices":[{"data":"All Out Attack","floor":8,"key":"SMITH"},{"floor":10,"key":"REST"},{"floor":12,"key":"REST"},{"data":"Malaise","floor":15,"key":"SMITH"}],"neow_cost":"TEN_PERCENT_HP_LOSS","seed_source_timestamp":798364282237300,"circlet_count":0,"master_deck":["AscendersBane","Strike_G","Strike_G","Strike_G","Strike_G","Strike_G","Defend_G","Defend_G","Defend_G","Defend_G","Defend_G","Survivor","Neutralize","Infinite Blades","Quick Slash","Calculated Gamble","Deflect","All Out Attack+1","Malaise+1","Terror","Venomology","Heel Hook","Apotheosis","Storm of Steel","Backflip","Cloak And Dagger"],"relics":["Ring of the Snake","OrangePellets","Akabeko","Ornamental Fan","Incense Burner","Old Coin","Potion Belt","HoveringKite","Shuriken","Orrery"],"potions_floor_usage":[6,11,18,20,21],"damage_taken":[{"damage":1,"enemies":"Cultist","floor":1,"turns":5},{"damage":1,"enemies":"2 Louse","floor":2,"turns":4},{"damage":0,"enemies":"Small Slimes","floor":4,"turns":3},{"damage":20,"enemies":"Lagavulin","floor":6,"turns":5},{"damage":2,"enemies":"Blue Slaver","floor":7,"turns":3},{"damage":22,"enemies":"Gremlin Nob","floor":11,"turns":4},{"damage":12,"enemies":"3 Sentries","floor":13,"turns":7},{"damage":3,"enemies":"Hexaghost","floor":16,"turns":11},{"damage":18,"enemies":"Spheric Guardian","floor":18,"turns":4},{"damage":3,"enemies":"3 Byrds","floor":20,"turns":5},{"damage":35,"enemies":"Masked Bandits","floor":21,"turns":3}],"seed_played":"-8323879686888722332","potions_obtained":[{"floor":1,"key":"FearPotion"},{"floor":4,"key":"Fire Potion"},{"floor":13,"key":"SneckoOil"},{"floor":18,"key":"Swift Potion"}],"is_trial":false,"path_per_floor":["M","M","$","M","?","E","M","R","T","R","E","R","E","?","R","B",null,"M","$","M","?"],"character_chosen":"THE_SILENT","items_purchased":["OrangePellets","Akabeko","Shuriken","Apotheosis","Orrery"],"campfire_rested":2,"item_purchase_floors":[3,3,19,19,19],"current_hp_per_floor":[58,57,57,57,46,26,24,24,24,42,20,38,26,26,26,23,51,33,33,30,0],"gold":84,"neow_bonus":"TWO_FIFTY_GOLD","is_prod":false,"is_daily":false,"chose_seed":false,"campfire_upgraded":2,"win_rate":0,"timestamp":1690982495,"path_taken":["M","?","$","M","?","E","M","R","T","R","E","R","E","?","R","BOSS","M","$","M","?"],"build_version":"2022-12-18","purchased_purges":0,"victory":false,"max_hp_per_floor":[60,60,60,60,60,60,60,60,60,60,60,60,60,60,60,60,60,60,60,60,60],"card_choices":[{"not_picked":["Deadly Poison","Dodge and Roll"],"picked":"Infinite Blades","floor":1},{"not_picked":["Dagger Throw","Poisoned Stab"],"picked":"Quick Slash","floor":2},{"not_picked":["Endless Agony","Eviscerate"],"picked":"Calculated Gamble","floor":4},{"not_picked":["Noxious Fumes","Bane"],"picked":"Deflect","floor":6},{"not_picked":["Dagger Throw","Expertise"],"picked":"All Out Attack","floor":7},{"not_picked":["Dagger Throw","Envenom"],"picked":"Malaise","floor":11},{"not_picked":["Outmaneuver","Bane"],"picked":"Terror","floor":13},{"not_picked":["Glass Knife","Burst"],"picked":"Venomology","floor":16},{"not_picked":["Dagger Spray","Quick Slash"],"picked":"Heel Hook","floor":18},{"not_picked":["Expertise","Deflect"],"picked":"Storm of Steel","floor":19},{"not_picked":["Dagger Spray","Endless Agony"],"picked":"Backflip","floor":19},{"not_picked":["PiercingWail","Flying Knee+1"],"picked":"Cloak And Dagger","floor":20}],"player_experience":2407348,"relics_obtained":[{"floor":6,"key":"Ornamental Fan"},{"floor":9,"key":"Incense Burner"},{"floor":11,"key":"Old Coin"},{"floor":13,"key":"Potion Belt"}],"event_choices":[{"damage_healed":0,"gold_gain":75,"player_choice":"Gather Gold","damage_taken":11,"max_hp_gain":0,"max_hp_loss":0,"event_name":"World of Goop","floor":5,"gold_loss":0},{"damage_healed":0,"gold_gain":55,"player_choice":"Gained Gold","damage_taken":0,"max_hp_gain":0,"max_hp_loss":0,"event_name":"Golden Wing","floor":14,"gold_loss":0},{"damage_healed":0,"gold_gain":0,"player_choice":"Fought Bandits","damage_taken":0,"max_hp_gain":0,"max_hp_loss":0,"event_name":"Masked Bandits","floor":21,"gold_loss":0}],"is_beta":false,"boss_relics":[{"not_picked":["SlaversCollar","Snecko Eye"],"picked":"HoveringKite"}],"items_purged_floors":[],"is_endless":false,"potions_floor_spawned":[1,4,13,18],"killed_by":"Masked Bandits","ascension_level":20}