{"gold_per_floor":[116,13,24,24,24,52,62,62],"floor_reached":8,"playtime":150,"items_purged":[],"score":162,"play_id":"64dfad6f-ad20-4855-ac63-8c523b82a21a","local_time":"20230802133414","is_ascension_mode":true,"campfire_choices":[],"neow_cost":"NONE","seed_source_timestamp":792737150891900,"circlet_count":0,"master_deck":["AscendersBane","Strike_G","Strike_G","Strike_G","Strike_G","Strike_G","Defend_G","Defend_G","Defend_G","Defend_G","Defend_G+1","Survivor","Neutralize","Backflip+1","Noxious Fumes","Deadly Poison","Dagger Spray","Corpse Explosion","Bouncing Flask"],"relics":["Ring of the Snake","NeowsBlessing","Incense Burner","War Paint"],"potions_floor_usage":[8,8],"damage_taken":[{"damage":0,"enemies":"2 Louse","floor":1,"turns":1},{"damage":0,"enemies":"Cultist","floor":3,"turns":1},{"damage":0,"enemies":"Lagavulin","floor":6,"turns":1},{"damage":2,"enemies":"Jaw Worm","floor":7,"turns":5},{"damage":63,"enemies":"Gremlin Nob","floor":8,"turns":4}],"seed_played":"-1802840489692297469","potions_obtained":[{"floor":3,"key":"SneckoOil"},{"floor":6,"key":"SpeedPotion"}],"is_trial":false,"path_per_floor":["M","$","M","?","?","E","M","E"],"character_chosen":"THE_SILENT","items_purchased":["Noxious Fumes","Deadly Poison"],"campfire_rested":0,"item_purchase_floors":[2,2],"current_hp_per_floor":[59,59,59,41,41,41,39,0],"gold":62,"neow_bonus":"THREE_ENEMY_KILL","is_prod":false,"is_daily":false,"chose_seed":false,"campfire_upgraded":0,"win_rate":0,"timestamp":1690976054,"path_taken":["M","$","M","?","?","E","?","E"],"build_version":"2022-12-18","purchased_purges":0,"victory":false,"max_hp_per_floor":[66,66,66,66,66,66,66,66],"card_choices":[{"not_picked":["Underhanded Strike","Setup"],"picked":"Backflip","floor":1},{"not_picked":["Dagger Throw","Choke"],"picked":"Dagger Spray","floor":3},{"not_picked":["Choke","Dodge and Roll","Skewer"],"picked":"SKIP","floor":6},{"not_picked":["Prepared","Accuracy"],"picked":"Bouncing Flask","floor":7}],"player_experience":2405225,"relics_obtained":[{"floor":6,"key":"War Paint"}],"event_choices":[{"damage_healed":0,"gold_gain":0,"player_choice":"Success","damage_taken":18,"relics_obtained":["Incense Burner"],"max_hp_gain":0,"max_hp_loss":0,"event_name":"Scrap Ooze","floor":4,"gold_loss":0},{"damage_healed":0,"gold_gain":0,"player_choice":"1 cards matched","damage_taken":0,"max_hp_gain":0,"max_hp_loss":0,"event_name":"Match and Keep!","floor":5,"gold_loss":0,"cards_obtained":["Corpse Explosion"]}],"is_beta":false,"boss_relics":[],"items_purged_floors":[],"is_endless":false,"potions_floor_spawned":[3,6],"killed_by":"Gremlin Nob","ascension_level":20}