{"gold_per_floor":[15,15,15,34,34,67,83,117,117,132,57,98,122,145,145,238,238,259,259,283,283,263,263,307,348,373,392,392,113,151,151,151,151],"floor_reached":33,"playtime":1583,"items_purged":["Injury","Strike_G+1"],"score":731,"play_id":"83b30afb-36eb-407c-a78c-3fc7c9569449","local_time":"20230915115110","is_ascension_mode":true,"campfire_choices":[{"data":"Noxious Fumes","floor":15,"key":"SMITH"},{"data":"A Thousand Cuts","floor":23,"key":"SMITH"},{"floor":28,"key":"REST"},{"floor":32,"key":"REST"}],"neow_cost":"NO_GOLD","seed_source_timestamp":273807341700,"circlet_count":0,"master_deck":["AscendersBane","Strike_G+1","Strike_G+1","Defend_G+1","Defend_G+1","Defend_G+1","Defend_G+1","Survivor","Neutralize","Terror","Poisoned Stab+1","Quick Slash+1","Dagger Spray+1","Phantasmal Killer","PiercingWail","Noxious Fumes+1","A Thousand Cuts+1","Dodge and Roll+1","Expertise+1","Deflect+1","Calculated Gamble","Escape Plan+1","Crippling Poison","Sadistic Nature"],"relics":["Ring of the Snake","Golden Idol","Molten Egg 2","CaptainsWheel","Lantern","Strawberry","FossilizedHelix","Calipers","Astrolabe","Omamori","Regal Pillow","Red Mask","Bag of Marbles","Nunchaku"],"potions_floor_usage":[8,16,27,30],"damage_taken":[{"damage":1,"enemies":"Cultist","floor":1,"turns":4},{"damage":10,"enemies":"Small Slimes","floor":4,"turns":5},{"damage":21,"enemies":"Lagavulin","floor":6,"turns":7},{"damage":0,"enemies":"2 Louse","floor":7,"turns":2},{"damage":10,"enemies":"3 Sentries","floor":8,"turns":6},{"damage":0,"enemies":"2 Fungi Beasts","floor":10,"turns":3},{"damage":6,"enemies":"Gremlin Nob","floor":12,"turns":4},{"damage":0,"enemies":"Exordium Wildlife","floor":13,"turns":2},{"damage":0,"enemies":"Blue Slaver","floor":14,"turns":2},{"damage":0,"enemies":"Slime Boss","floor":16,"turns":5},{"damage":0,"enemies":"3 Byrds","floor":18,"turns":6},{"damage":15,"enemies":"2 Thieves","floor":22,"turns":4},{"damage":43,"enemies":"Book of Stabbing","floor":24,"turns":7},{"damage":4,"enemies":"Masked Bandits","floor":25,"turns":3},{"damage":0,"enemies":"Centurion and Healer","floor":27,"turns":4},{"damage":5,"enemies":"Slavers","floor":30,"turns":5},{"damage":87,"enemies":"Collector","floor":33,"turns":9}],"seed_played":"-1752835898624634031","potions_obtained":[{"floor":1,"key":"AttackPotion"},{"floor":6,"key":"CunningPotion"},{"floor":7,"key":"Swift Potion"},{"floor":10,"key":"AttackPotion"},{"floor":25,"key":"Fire Potion"},{"floor":27,"key":"SmokeBomb"}],"is_trial":false,"path_per_floor":["M","?","?","M","?","E","M","E","T","M","$","E","M","M","R","B",null,"M","?","T","?","M","R","E","?","T","M","R","$","E","$","R","B"],"character_chosen":"THE_SILENT","items_purchased":["Sadistic Nature"],"campfire_rested":2,"item_purchase_floors":[29],"current_hp_per_floor":[70,70,70,60,49,28,28,25,25,25,25,19,19,19,19,19,69,69,69,69,69,54,54,11,7,7,7,47,47,42,42,82,0],"gold":151,"neow_bonus":"TWENTY_PERCENT_HP_BONUS","is_prod":false,"is_daily":false,"chose_seed":false,"campfire_upgraded":2,"win_rate":0,"timestamp":1694771470,"path_taken":["M","?","?","?","?","E","M","E","T","M","$","E","M","M","R","BOSS","M","?","?","?","M","R","E","?","T","M","R","$","E","?","R","BOSS"],"build_version":"2022-12-18","purchased_purges":2,"victory":false,"max_hp_per_floor":[78,78,78,78,78,78,78,85,85,85,85,85,85,85,85,85,85,85,85,85,85,85,85,85,85,85,85,85,85,85,85,85,85],"card_choices":[{"not_picked":["Finisher","Acrobatics"],"picked":"Terror","floor":1},{"not_picked":["Setup","Blur"],"picked":"Poisoned Stab+1","floor":4},{"not_picked":["PiercingWail","Sucker Punch+1"],"picked":"Quick Slash+1","floor":6},{"not_picked":["Bane+1","Acrobatics"],"picked":"Dagger Spray+1","floor":7},{"not_picked":["Prepared","Sucker Punch+1","Eviscerate+1"],"picked":"SKIP","floor":8},{"not_picked":["PiercingWail","Endless Agony+1"],"picked":"Phantasmal Killer","floor":10},{"not_picked":["Deflect","Sucker Punch+1","Infinite Blades"],"picked":"SKIP","floor":12},{"not_picked":["Sucker Punch+1","Outmaneuver"],"picked":"PiercingWail","floor":13},{"not_picked":["Bane+1","PiercingWail"],"picked":"Noxious Fumes","floor":14},{"not_picked":["Bullet Time","Storm of Steel"],"picked":"A Thousand Cuts","floor":16},{"not_picked":["Reflex+1","Poisoned Stab+1","Acrobatics"],"picked":"SKIP","floor":18},{"not_picked":["Outmaneuver","Deadly Poison"],"picked":"Escape Plan+1","floor":22},{"not_picked":["Sucker Punch+1","Infinite Blades+1"],"picked":"Crippling Poison","floor":24},{"not_picked":["Terror","Underhanded Strike+1","Prepared"],"picked":"SKIP","floor":27},{"not_picked":["Dash+1","Slice+1","Accuracy"],"picked":"SKIP","floor":30}],"player_experience":2430655,"relics_obtained":[{"floor":6,"key":"Lantern"},{"floor":8,"key":"Strawberry"},{"floor":9,"key":"FossilizedHelix"},{"floor":12,"key":"Calipers"},{"floor":20,"key":"Omamori"},{"floor":24,"key":"Regal Pillow"},{"floor":25,"key":"Red Mask"},{"floor":26,"key":"Bag of Marbles"},{"floor":30,"key":"Nunchaku"}],"event_choices":[{"damage_healed":0,"gold_gain":0,"player_choice":"Take Wound","damage_taken":0,"relics_obtained":["Golden Idol"],"max_hp_gain":0,"max_hp_loss":0,"event_name":"Golden Idol","floor":2,"gold_loss":0,"cards_obtained":["Injury"]},{"damage_healed":0,"gold_gain":0,"player_choice":"Gave Potion","damage_taken":0,"relics_obtained":["Molten Egg 2"],"max_hp_gain":0,"max_hp_loss":0,"event_name":"WeMeetAgain","floor":3,"gold_loss":0},{"damage_healed":0,"gold_gain":0,"player_choice":"Success","damage_taken":11,"relics_obtained":["CaptainsWheel"],"max_hp_gain":0,"max_hp_loss":0,"event_name":"Scrap Ooze","floor":5,"gold_loss":0},{"damage_healed":0,"gold_gain":0,"player_choice":"Simplicity","damage_taken":0,"max_hp_gain":0,"max_hp_loss":0,"event_name":"Back to Basics","floor":19,"gold_loss":0,"cards_upgraded":["Strike_G","Strike_G","Strike_G","Defend_G","Defend_G","Defend_G","Defend_G"]},{"damage_healed":0,"gold_gain":0,"player_choice":"Read","damage_taken":0,"max_hp_gain":0,"max_hp_loss":0,"event_name":"The Library","floor":21,"gold_loss":0,"cards_obtained":["Calculated Gamble"]},{"damage_healed":0,"gold_gain":0,"player_choice":"Fought Bandits","damage_taken":0,"max_hp_gain":0,"max_hp_loss":0,"event_name":"Masked Bandits","floor":25,"gold_loss":0}],"is_beta":false,"boss_relics":[{"not_picked":["Empty Cage","Black Star"],"picked":"Astrolabe"}],"items_purged_floors":[11,29],"is_endless":false,"potions_floor_spawned":[1,6,7,10,14,25,27],"killed_by":"Collector","ascension_level":20}