{"gold_per_floor":[109,109,128,145,163,196,196,231,231,231,256,256],"floor_reached":12,"playtime":555,"items_purged":[],"score":176,"play_id":"75243cf9-5b82-4d19-b682-6ed9fe7d76c1","local_time":"20240106122932","is_ascension_mode":true,"campfire_choices":[{"floor":7,"key":"REST"},{"floor":10,"key":"REST"}],"neow_cost":"NONE","seed_source_timestamp":0,"circlet_count":0,"master_deck":["AscendersBane","Strike_G","Strike_G","Strike_G","Strike_G","Strike_G","Defend_G","Defend_G","Defend_G","Defend_G","Defend_G","Survivor","Neutralize","Quick Slash","Reflex","Dash","Quick Slash","Well Laid Plans","Crippling Poison"],"special_seed":0,"relics":["Sozu","NlothsMask","Bottled Flame","Eternal Feather","Odd Mushroom"],"potions_floor_usage":[],"damage_taken":[{"damage":7,"enemies":"Jaw Worm","floor":1,"turns":6},{"damage":0,"enemies":"Cultist","floor":3,"turns":4},{"damage":2,"enemies":"Small Slimes","floor":4,"turns":4},{"damage":1,"enemies":"Looter","floor":5,"turns":4},{"damage":27,"enemies":"3 Sentries","floor":6,"turns":10},{"damage":35,"enemies":"Lagavulin","floor":8,"turns":9},{"damage":4,"enemies":"The Mushroom Lair","floor":11,"turns":5},{"damage":36,"enemies":"Gremlin Nob","floor":12,"turns":4}],"seed_played":"-453880438635096590","potions_obtained":[],"is_trial":false,"path_per_floor":["M","?","M","M","M","E","R","E","T","R","?","E"],"character_chosen":"THE_SILENT","items_purchased":[],"campfire_rested":2,"item_purchase_floors":[],"current_hp_per_floor":[52,52,52,50,49,22,41,6,6,34,30,0],"gold":256,"neow_bonus":"BOSS_RELIC","is_prod":false,"is_daily":false,"chose_seed":false,"campfire_upgraded":0,"win_rate":0,"timestamp":1704540572,"path_taken":["M","?","M","?","M","E","R","E","T","R","?","E"],"build_version":"2022-12-18","purchased_purges":0,"victory":false,"max_hp_per_floor":[66,66,66,66,66,66,66,66,66,66,66,66],"card_choices":[{"not_picked":["Dagger Throw","Eviscerate"],"picked":"Quick Slash","floor":1},{"not_picked":["Blade Dance","Deflect"],"picked":"Reflex","floor":3},{"not_picked":["Poisoned Stab","Crippling Poison"],"picked":"Dash","floor":4},{"not_picked":["Deadly Poison","Sucker Punch"],"picked":"Quick Slash","floor":5},{"not_picked":["Masterful Stab","Bane"],"picked":"Well Laid Plans","floor":6},{"not_picked":["Storm of Steel","Dagger Spray"],"picked":"Crippling Poison","floor":8}],"player_experience":2461947,"relics_obtained":[{"floor":6,"key":"Bottled Flame"},{"floor":8,"key":"Eternal Feather"},{"floor":11,"key":"Odd Mushroom"}],"event_choices":[{"damage_healed":0,"gold_gain":0,"player_choice":"Trade","damage_taken":0,"relics_obtained":["NlothsMask"],"max_hp_gain":0,"max_hp_loss":0,"event_name":"FaceTrader","floor":2,"gold_loss":0},{"damage_healed":0,"gold_gain":0,"player_choice":"Fought Mushrooms","damage_taken":0,"max_hp_gain":0,"max_hp_loss":0,"event_name":"Mushrooms","floor":11,"gold_loss":0}],"is_beta":false,"boss_relics":[],"items_purged_floors":[],"is_endless":false,"potions_floor_spawned":[3,4,8,11],"killed_by":"Gremlin Nob","ascension_level":20}