{"gold_per_floor":[109,109,124,135,60,92,107,107,107,140,157,167,187,220,220,295,295,310,235,235,41,41,72,72,106,106,118,153,168,1,30,30,104,104,115,115,128,145,45,45],"floor_reached":40,"playtime":1869,"items_purged":["Pain","Strike_G"],"score":1122,"play_id":"84ee4fce-6a11-4cdf-9a7e-dc52ce28bf3f","local_time":"20240712100117","is_ascension_mode":true,"campfire_choices":[{"data":"Eviscerate","floor":8,"key":"SMITH"},{"floor":15,"key":"REST"},{"floor":24,"key":"REST"},{"data":"Panache","floor":32,"key":"SMITH"}],"neow_cost":"NONE","seed_source_timestamp":7081572266400,"circlet_count":0,"master_deck":["AscendersBane","Strike_G","Strike_G","Defend_G","Defend_G","Defend_G","Defend_G","Defend_G","Survivor","Neutralize","Blur","Eviscerate+1","Dagger Throw","Prepared","Acrobatics","Terror","Calculated Gamble","Adrenaline","All Out Attack","Unload","Footwork","Panache+1","Unload","Wraith Form v2","Reflex","Tools of the Trade","A Thousand Cuts"],"relics":["Ring of the Snake","NeowsBlessing","WarpedTongs","Blue Candle","HornCleat","CaptainsWheel","Boot","HoveringKite","Nilry\u0027s Codex","PreservedInsect","Happy Flower","Tiny Chest","Nunchaku","Pantograph","Cursed Key"],"potions_floor_usage":[6,16,16,23,27,33,40],"damage_taken":[{"damage":0,"enemies":"2 Louse","floor":1,"turns":1},{"damage":1,"enemies":"Cultist","floor":3,"turns":1},{"damage":0,"enemies":"Jaw Worm","floor":4,"turns":1},{"damage":24,"enemies":"Lagavulin","floor":6,"turns":9},{"damage":5,"enemies":"Large Slime","floor":7,"turns":5},{"damage":0,"enemies":"Gremlin Nob","floor":10,"turns":3},{"damage":0,"enemies":"Blue Slaver","floor":11,"turns":3},{"damage":4,"enemies":"Lots of Slimes","floor":12,"turns":6},{"damage":0,"enemies":"Large Slime","floor":13,"turns":2},{"damage":2,"enemies":"Lagavulin","floor":14,"turns":5},{"damage":33,"enemies":"Slime Boss","floor":16,"turns":11},{"damage":0,"enemies":"Chosen","floor":18,"turns":2},{"damage":10,"enemies":"Slavers","floor":23,"turns":3},{"damage":11,"enemies":"Gremlin Leader","floor":25,"turns":4},{"damage":6,"enemies":"3 Byrds","floor":27,"turns":3},{"damage":0,"enemies":"Book of Stabbing","floor":28,"turns":4},{"damage":0,"enemies":"Snecko","floor":29,"turns":3},{"damage":0,"enemies":"Gremlin Leader","floor":31,"turns":5},{"damage":47,"enemies":"Automaton","floor":33,"turns":10},{"damage":4,"enemies":"3 Shapes","floor":35,"turns":4},{"damage":4,"enemies":"3 Darklings","floor":37,"turns":4},{"damage":25,"enemies":"Spire Growth","floor":38,"turns":6},{"damage":21,"enemies":"Giant Head","floor":40,"turns":5}],"seed_played":"-5506518339284278988","potions_obtained":[{"floor":1,"key":"AttackPotion"},{"floor":10,"key":"SneckoOil"},{"floor":12,"key":"SneckoOil"},{"floor":13,"key":"BlessingOfTheForge"},{"floor":16,"key":"LiquidBronze"},{"floor":25,"key":"AttackPotion"},{"floor":28,"key":"Dexterity Potion"},{"floor":37,"key":"BlessingOfTheForge"}],"is_trial":false,"path_per_floor":["M","?","M","M","$","E","M","R","T","E","M","M","M","E","R","B",null,"M","?","?","$","?","E","R","E","T","M","E","M","$","E","R","B",null,"M","?","M","M","$","E"],"character_chosen":"THE_SILENT","items_purchased":["Panache","Nunchaku"],"campfire_rested":2,"item_purchase_floors":[21,30],"current_hp_per_floor":[59,59,58,58,58,34,29,29,29,29,29,25,25,23,42,9,52,52,52,31,31,31,21,40,29,29,23,23,23,23,23,23,1,50,46,46,42,17,17,0],"gold":45,"neow_bonus":"THREE_ENEMY_KILL","is_prod":false,"is_daily":false,"chose_seed":false,"campfire_upgraded":2,"win_rate":0,"timestamp":1720771277,"path_taken":["M","?","?","M","$","E","M","R","T","E","M","M","M","E","R","BOSS","M","?","?","$","?","E","R","E","T","M","E","M","$","E","R","BOSS","M","?","M","M","$","E"],"build_version":"2022-12-18","purchased_purges":2,"victory":false,"max_hp_per_floor":[66,66,66,66,66,66,66,66,66,66,66,66,66,66,66,66,66,66,66,66,66,66,66,66,66,66,66,66,66,66,66,66,66,66,66,66,66,66,66,66],"card_choices":[{"not_picked":["Masterful Stab","Bane"],"picked":"Blur","floor":1},{"not_picked":["Underhanded Strike","Slice"],"picked":"Eviscerate","floor":3},{"not_picked":["Backstab","Slice"],"picked":"Dagger Throw","floor":4},{"not_picked":["Skewer","Sucker Punch"],"picked":"Prepared","floor":6},{"not_picked":["Cloak And Dagger","Dagger Throw"],"picked":"Acrobatics","floor":7},{"not_picked":["Bullet Time","Flechettes"],"picked":"Terror","floor":10},{"not_picked":["PiercingWail","Outmaneuver"],"picked":"Calculated Gamble","floor":11},{"not_picked":["Outmaneuver","Riddle With Holes"],"picked":"Adrenaline","floor":12},{"not_picked":["Sucker Punch","Poisoned Stab"],"picked":"All Out Attack","floor":13},{"not_picked":["Poisoned Stab","Dodge and Roll","Noxious Fumes"],"picked":"SKIP","floor":14},{"not_picked":["Doppelganger","Wraith Form v2"],"picked":"Unload","floor":16},{"not_picked":["Distraction","PiercingWail"],"picked":"Footwork","floor":18},{"not_picked":["Catalyst","Flying Knee"],"picked":"Unload","floor":23},{"not_picked":["Sucker Punch+1","Underhanded Strike","Dagger Spray+1"],"picked":"SKIP","floor":25},{"not_picked":["Slice","Footwork","Endless Agony"],"picked":"SKIP","floor":27},{"not_picked":["Eviscerate","Outmaneuver"],"picked":"Wraith Form v2","floor":28},{"not_picked":["Blade Dance","Masterful Stab","PiercingWail"],"picked":"SKIP","floor":29},{"not_picked":["Flying Knee","Acrobatics"],"picked":"Reflex","floor":31},{"not_picked":["Storm of Steel","Night Terror"],"picked":"Tools of the Trade","floor":33},{"not_picked":["PiercingWail","Underhanded Strike","Outmaneuver+1"],"picked":"SKIP","floor":35},{"not_picked":["Accuracy","Dodge and Roll"],"picked":"A Thousand Cuts","floor":37},{"not_picked":["Leg Sweep","Deadly Poison","PiercingWail"],"picked":"SKIP","floor":38}],"player_experience":2545004,"relics_obtained":[{"floor":6,"key":"Blue Candle"},{"floor":9,"key":"HornCleat"},{"floor":10,"key":"CaptainsWheel"},{"floor":14,"key":"Boot"},{"floor":20,"key":"Nilry\u0027s Codex"},{"floor":23,"key":"PreservedInsect"},{"floor":25,"key":"Happy Flower"},{"floor":28,"key":"Tiny Chest"},{"floor":31,"key":"Pantograph"}],"event_choices":[{"damage_healed":0,"gold_gain":0,"player_choice":"Rummage","damage_taken":0,"relics_obtained":["WarpedTongs"],"max_hp_gain":0,"max_hp_loss":0,"event_name":"Accursed Blacksmith","floor":2,"gold_loss":0,"cards_obtained":["Pain"]},{"cards_removed":["Strike_G"],"damage_healed":0,"gold_gain":0,"player_choice":"Gave Gold","damage_taken":0,"max_hp_gain":0,"max_hp_loss":0,"event_name":"Beggar","floor":19,"gold_loss":75},{"damage_healed":0,"gold_gain":0,"player_choice":"Obtained Book","damage_taken":21,"max_hp_gain":0,"max_hp_loss":0,"event_name":"Cursed Tome","floor":20,"gold_loss":0},{"damage_healed":0,"gold_gain":0,"player_choice":"Ignored","damage_taken":0,"max_hp_gain":0,"max_hp_loss":0,"event_name":"Ghosts","floor":22,"gold_loss":0},{"cards_removed":["Strike_G"],"damage_healed":0,"gold_gain":0,"player_choice":"Purged","damage_taken":0,"max_hp_gain":0,"max_hp_loss":0,"event_name":"Purifier","floor":36,"gold_loss":0}],"is_beta":false,"boss_relics":[{"not_picked":["Ectoplasm","Ring of the Serpent"],"picked":"HoveringKite"},{"not_picked":["Fusion Hammer","Astrolabe"],"picked":"Cursed Key"}],"items_purged_floors":[5,39],"is_endless":false,"potions_floor_spawned":[1,10,12,13,16,25,28,37],"killed_by":"Giant Head","ascension_level":20}