{"gold_per_floor":[109,259,275,275,275,309,309,319,319,334,334,363,374,394,394,465,465,480,360],"floor_reached":19,"playtime":558,"items_purged":[],"score":408,"play_id":"64441ee2-77e7-48c8-a769-d8b36355d76c","local_time":"20240714105415","is_ascension_mode":true,"campfire_choices":[{"data":"Poisoned Stab","floor":7,"key":"SMITH"},{"data":"Deadly Poison","floor":11,"key":"SMITH"},{"data":"Blade Dance","floor":15,"key":"SMITH"}],"neow_cost":"NONE","seed_source_timestamp":184374255754800,"circlet_count":0,"master_deck":["AscendersBane","Strike_G","Strike_G","Strike_G","Strike_G","Strike_G","Defend_G","Defend_G","Defend_G","Defend_G","Defend_G","Survivor","Neutralize","Deadly Poison+1","Doubt","Poisoned Stab+1","Neutralize","After Image","Outmaneuver","Backflip","Dagger Throw","Blade Dance+1","Corpse Explosion","Accuracy"],"relics":["Ring of the Snake","NeowsBlessing","Ornamental Fan","Boot","Blue Candle","Singing Bowl","WristBlade"],"potions_floor_usage":[],"damage_taken":[{"damage":0,"enemies":"2 Louse","floor":1,"turns":1},{"damage":0,"enemies":"Jaw Worm","floor":3,"turns":1},{"damage":0,"enemies":"Gremlin Nob","floor":6,"turns":1},{"damage":0,"enemies":"Cultist","floor":8,"turns":3},{"damage":2,"enemies":"Lots of Slimes","floor":10,"turns":5},{"damage":11,"enemies":"Lagavulin","floor":12,"turns":7},{"damage":13,"enemies":"Exordium Thugs","floor":13,"turns":5},{"damage":0,"enemies":"3 Louse","floor":14,"turns":2},{"damage":22,"enemies":"The Guardian","floor":16,"turns":10},{"damage":16,"enemies":"Chosen","floor":18,"turns":4},{"damage":45,"enemies":"2 Thieves","floor":19,"turns":3}],"seed_played":"4806681760794079614","potions_obtained":[{"floor":1,"key":"Ancient Potion"},{"floor":8,"key":"EssenceOfSteel"},{"floor":16,"key":"Strength Potion"}],"is_trial":false,"path_per_floor":["M","?","M","T","?","E","R","M","T","M","R","E","M","M","R","B",null,"M","M"],"character_chosen":"THE_SILENT","items_purchased":[],"campfire_rested":0,"item_purchase_floors":[],"current_hp_per_floor":[59,59,59,59,59,59,59,59,59,57,57,48,35,35,35,13,54,38,0],"gold":360,"neow_bonus":"THREE_ENEMY_KILL","is_prod":false,"is_daily":false,"chose_seed":false,"campfire_upgraded":3,"win_rate":0,"timestamp":1720947255,"path_taken":["M","?","M","?","?","E","R","M","T","M","R","E","M","?","R","BOSS","M","?"],"build_version":"2022-12-18","purchased_purges":0,"victory":false,"max_hp_per_floor":[66,66,66,66,66,66,66,66,66,66,66,68,68,68,68,68,68,68,68],"card_choices":[{"not_picked":["Bane","Flying Knee"],"picked":"Deadly Poison","floor":1},{"not_picked":["Dodge and Roll","Distraction"],"picked":"Poisoned Stab","floor":3},{"not_picked":["Eviscerate","Finisher","Dodge and Roll"],"picked":"SKIP","floor":6},{"not_picked":["Distraction","Slice"],"picked":"Outmaneuver","floor":8},{"not_picked":["Escape Plan","Distraction"],"picked":"Backflip","floor":10},{"not_picked":["Deflect","Setup","Predator"],"picked":"Singing Bowl","floor":12},{"not_picked":["Underhanded Strike","Deflect"],"picked":"Dagger Throw","floor":13},{"not_picked":["Backflip","Setup"],"picked":"Blade Dance","floor":14},{"not_picked":["A Thousand Cuts","Envenom"],"picked":"Corpse Explosion","floor":16},{"not_picked":["Calculated Gamble","Sucker Punch"],"picked":"Accuracy","floor":18}],"player_experience":2563735,"relics_obtained":[{"floor":4,"key":"Ornamental Fan"},{"floor":6,"key":"Boot"},{"floor":9,"key":"Blue Candle"},{"floor":12,"key":"Singing Bowl"}],"event_choices":[{"damage_healed":0,"gold_gain":150,"player_choice":"AGREE","damage_taken":0,"max_hp_gain":0,"max_hp_loss":0,"event_name":"Liars Game","floor":2,"gold_loss":0,"cards_obtained":["Doubt"]},{"damage_healed":0,"gold_gain":0,"player_choice":"2 cards matched","damage_taken":0,"max_hp_gain":0,"max_hp_loss":0,"event_name":"Match and Keep!","floor":5,"gold_loss":0,"cards_obtained":["Neutralize","After Image"]}],"is_beta":false,"boss_relics":[{"not_picked":["HoveringKite","Fusion Hammer"],"picked":"WristBlade"}],"items_purged_floors":[],"is_endless":false,"potions_floor_spawned":[1,8,13,16,18],"killed_by":"2 Thieves","ascension_level":20}