{"gold_per_floor":[360,510,526,526,538,538,568,568,614,625,625],"floor_reached":11,"playtime":283,"items_purged":[],"score":145,"play_id":"33178bbe-bae6-4300-a79b-39ddeb0e5ace","local_time":"20240712092957","is_ascension_mode":true,"campfire_choices":[{"data":"Poisoned Stab","floor":6,"key":"SMITH"},{"floor":8,"key":"REST"}],"neow_cost":"CURSE","seed_source_timestamp":6787795742200,"circlet_count":0,"master_deck":["AscendersBane","Strike_G","Strike_G","Strike_G","Strike_G","Strike_G","Defend_G","Defend_G","Defend_G","Defend_G","Defend_G","Survivor","Neutralize","Clumsy","Catalyst","Caltrops","Poisoned Stab+1","Dagger Spray","Backflip"],"relics":["Ring of the Snake","Spirit Poop","Juzu Bracelet","Lantern"],"potions_floor_usage":[3,7],"damage_taken":[{"damage":4,"enemies":"2 Louse","floor":1,"turns":5},{"damage":17,"enemies":"Cultist","floor":3,"turns":6},{"damage":4,"enemies":"Jaw Worm","floor":5,"turns":5},{"damage":25,"enemies":"Lagavulin","floor":7,"turns":6},{"damage":7,"enemies":"Blue Slaver","floor":10,"turns":5},{"damage":32,"enemies":"Gremlin Nob","floor":11,"turns":3}],"seed_played":"7602349040985397748","potions_obtained":[{"floor":1,"key":"ColorlessPotion"},{"floor":3,"key":"DuplicationPotion"}],"is_trial":false,"path_per_floor":["M","?","M","?","M","R","E","R","T","M","E"],"character_chosen":"THE_SILENT","items_purchased":[],"campfire_rested":1,"item_purchase_floors":[],"current_hp_per_floor":[55,55,38,38,34,34,9,28,28,21,0],"gold":625,"neow_bonus":"TWO_FIFTY_GOLD","is_prod":false,"is_daily":false,"chose_seed":false,"campfire_upgraded":1,"win_rate":0,"timestamp":1720769397,"path_taken":["M","?","M","?","M","R","E","R","T","M","E"],"build_version":"2022-12-18","purchased_purges":0,"victory":false,"max_hp_per_floor":[66,66,66,66,66,66,66,66,66,66,66],"card_choices":[{"not_picked":["Leg Sweep","Riddle With Holes"],"picked":"Catalyst","floor":1},{"not_picked":["Blade Dance","Backstab"],"picked":"Caltrops","floor":3},{"not_picked":["Dagger Throw","Bane"],"picked":"Poisoned Stab","floor":5},{"not_picked":["Blade Dance","Underhanded Strike"],"picked":"Dagger Spray","floor":7},{"not_picked":["Acrobatics","Prepared"],"picked":"Backflip","floor":10}],"player_experience":2544721,"relics_obtained":[{"floor":7,"key":"Juzu Bracelet"},{"floor":9,"key":"Lantern"}],"event_choices":[{"damage_healed":0,"gold_gain":150,"player_choice":"AGREE","damage_taken":0,"max_hp_gain":0,"max_hp_loss":0,"event_name":"Liars Game","floor":2,"gold_loss":0,"cards_obtained":["Doubt"]},{"cards_removed":["Doubt"],"damage_healed":0,"gold_gain":0,"player_choice":"Offered Curse","damage_taken":0,"relics_obtained":["Spirit Poop"],"max_hp_gain":0,"max_hp_loss":0,"event_name":"Bonfire Elementals","floor":4,"gold_loss":0}],"is_beta":false,"boss_relics":[],"items_purged_floors":[],"is_endless":false,"potions_floor_spawned":[1,3],"killed_by":"Gremlin Nob","ascension_level":20}