{"gold_per_floor":[117,142,15,30,30,57,76,76,76,39,39,64,64,83,83,158,158,173,263,278,9,19,50,64,64],"floor_reached":25,"playtime":787,"items_purged":[],"score":512,"play_id":"d62faeb1-a308-4146-9c82-00bb1f6585fc","local_time":"20240712083920","is_ascension_mode":true,"campfire_choices":[{"data":"Accuracy","floor":8,"key":"SMITH"},{"data":"Blade Dance","floor":11,"key":"SMITH"},{"data":"Accuracy","floor":13,"key":"SMITH"},{"data":"Doppelganger","floor":15,"key":"SMITH"}],"neow_cost":"NONE","seed_source_timestamp":3246365633200,"circlet_count":0,"master_deck":["AscendersBane","Strike_G","Defend_G","Defend_G","Defend_G","Defend_G","Defend_G","Survivor","Neutralize","Escape Plan","Accuracy+1","Blade Dance+1","PiercingWail","All Out Attack","Reflex","Doppelganger+1","Accuracy+1","Blade Dance","Burst","Footwork+1","Slice+1","Bouncing Flask+1","Blind","Trip","Infinite Blades","Storm of Steel","Cloak And Dagger","Corpse Explosion"],"relics":["Ring of the Snake","NeowsBlessing","MealTicket","Orichalcum","Pantograph","Blood Vial","Astrolabe","Orrery","Bottled Flame"],"potions_floor_usage":[25,25],"damage_taken":[{"damage":0,"enemies":"Cultist","floor":1,"turns":1},{"damage":0,"enemies":"2 Louse","floor":4,"turns":1},{"damage":0,"enemies":"Gremlin Nob","floor":6,"turns":1},{"damage":0,"enemies":"Jaw Worm","floor":7,"turns":5},{"damage":8,"enemies":"3 Sentries","floor":12,"turns":5},{"damage":5,"enemies":"Exordium Thugs","floor":14,"turns":4},{"damage":6,"enemies":"The Guardian","floor":16,"turns":7},{"damage":0,"enemies":"Chosen","floor":18,"turns":3},{"damage":9,"enemies":"Shell Parasite","floor":20,"turns":2},{"damage":17,"enemies":"Centurion and Healer","floor":22,"turns":3},{"damage":24,"enemies":"Book of Stabbing","floor":23,"turns":5},{"damage":10,"enemies":"Sentry and Sphere","floor":24,"turns":4},{"damage":14,"enemies":"Slavers","floor":25,"turns":1}],"seed_played":"3948110650554393060","potions_obtained":[{"floor":4,"key":"Swift Potion"},{"floor":12,"key":"GamblersBrew"},{"floor":14,"key":"FearPotion"},{"floor":16,"key":"CunningPotion"}],"is_trial":false,"path_per_floor":["M","T","$","M","?","E","M","R","T","$","R","E","R","M","R","B",null,"M","?","M","$","M","E","M","E"],"character_chosen":"THE_SILENT","items_purchased":["Accuracy","Blade Dance","Accuracy","Trip","Orrery"],"campfire_rested":0,"item_purchase_floors":[3,3,10,21,21],"current_hp_per_floor":[59,59,66,66,66,66,66,66,66,66,66,58,58,55,55,60,65,66,48,41,56,41,19,11,0],"gold":64,"neow_bonus":"THREE_ENEMY_KILL","is_prod":false,"is_daily":false,"chose_seed":false,"campfire_upgraded":4,"win_rate":0,"timestamp":1720766360,"path_taken":["M","?","$","M","?","E","M","R","T","$","R","E","R","?","R","BOSS","M","?","M","?","M","E","M","E"],"build_version":"2022-12-18","purchased_purges":0,"victory":false,"max_hp_per_floor":[66,66,66,66,66,66,66,66,66,66,66,66,66,66,66,66,66,66,66,66,66,66,66,66,66],"card_choices":[{"not_picked":["Prepared","Deflect"],"picked":"Escape Plan","floor":1},{"not_picked":["Concentrate","Acrobatics"],"picked":"PiercingWail","floor":4},{"not_picked":["Underhanded Strike","Noxious Fumes"],"picked":"Reflex","floor":6},{"not_picked":["Skewer","Deadly Poison"],"picked":"Doppelganger","floor":7},{"not_picked":["Dodge and Roll","Dash"],"picked":"Blade Dance","floor":12},{"not_picked":["Poisoned Stab","Dagger Throw","Dagger Spray"],"picked":"SKIP","floor":14},{"not_picked":["Doppelganger","Glass Knife"],"picked":"Burst","floor":16},{"not_picked":["Underhanded Strike","Setup","Sucker Punch"],"picked":"SKIP","floor":18},{"not_picked":["Deadly Poison","Sucker Punch","Poisoned Stab"],"picked":"SKIP","floor":20},{"not_picked":["Underhanded Strike+1","PiercingWail"],"picked":"Infinite Blades","floor":21},{"not_picked":["Poisoned Stab","All Out Attack"],"picked":"Storm of Steel","floor":21},{"not_picked":["Reflex","Escape Plan"],"picked":"Cloak And Dagger","floor":22},{"not_picked":["Dodge and Roll","Terror","Deadly Poison"],"picked":"SKIP","floor":23},{"not_picked":["Flying Knee","Noxious Fumes"],"picked":"Corpse Explosion","floor":24}],"player_experience":2541244,"relics_obtained":[{"floor":2,"key":"MealTicket"},{"floor":6,"key":"Orichalcum"},{"floor":9,"key":"Pantograph"},{"floor":12,"key":"Blood Vial"},{"floor":23,"key":"Bottled Flame"}],"event_choices":[{"damage_healed":0,"gold_gain":0,"cards_transformed":["Strike_G"],"player_choice":"Transformed","damage_taken":0,"max_hp_gain":0,"max_hp_loss":0,"event_name":"Transmorgrifier","floor":5,"gold_loss":0,"cards_obtained":["All Out Attack"]},{"damage_healed":0,"gold_gain":90,"player_choice":"CARD GOLD ","damage_taken":18,"max_hp_gain":0,"max_hp_loss":0,"event_name":"Knowing Skull","floor":19,"potions_obtained":[],"gold_loss":0,"cards_obtained":["Blind"]}],"is_beta":false,"boss_relics":[{"not_picked":["Fusion Hammer","Runic Pyramid"],"picked":"Astrolabe"}],"items_purged_floors":[],"is_endless":false,"potions_floor_spawned":[4,12,14,16,22],"killed_by":"Slavers","ascension_level":20}