{"gold_per_floor":[110,110,110,70,86,116,134,147,147,147,166,176,188,221,221,292,292,192,192,210,210,225,256,256,266,290,290,290],"floor_reached":28,"playtime":1305,"items_purged":[],"score":550,"play_id":"e374c10b-5af5-476f-b0c1-72d53dce7778","local_time":"20240712090624","is_ascension_mode":true,"campfire_choices":[{"data":"Caltrops","floor":10,"key":"SMITH"},{"data":"Neutralize","floor":15,"key":"SMITH"},{"floor":24,"key":"REST"},{"data":"RitualDagger","floor":27,"key":"SMITH"}],"neow_cost":"NONE","seed_source_timestamp":4352009634400,"circlet_count":0,"master_deck":["AscendersBane","Strike_G","Strike_G","Strike_G","Strike_G","Defend_G+1","Defend_G","Defend_G","Defend_G","Survivor+1","Neutralize+1","Caltrops+1","Acrobatics","Heel Hook","Reflex","Crippling Poison","After Image","Outmaneuver","Leg Sweep","Deadly Poison","Deadly Poison","Reflex","Burst","RitualDagger+1","Dagger Throw","Night Terror","Tactician","Well Laid Plans"],"relics":["Ring of the Snake","NeowsBlessing","War Paint","Vajra","Question Card","Snecko Eye","Blood Vial","Toy Ornithopter"],"potions_floor_usage":[8,16,22,28],"damage_taken":[{"damage":0,"enemies":"Jaw Worm","floor":1,"turns":1},{"damage":0,"enemies":"Cultist","floor":5,"turns":1},{"damage":0,"enemies":"3 Sentries","floor":6,"turns":2},{"damage":0,"enemies":"Small Slimes","floor":7,"turns":4},{"damage":8,"enemies":"Gremlin Gang","floor":8,"turns":3},{"damage":0,"enemies":"Large Slime","floor":11,"turns":7},{"damage":0,"enemies":"Looter","floor":12,"turns":5},{"damage":5,"enemies":"2 Fungi Beasts","floor":13,"turns":5},{"damage":12,"enemies":"Lagavulin","floor":14,"turns":8},{"damage":7,"enemies":"Hexaghost","floor":16,"turns":9},{"damage":3,"enemies":"2 Thieves","floor":18,"turns":5},{"damage":7,"enemies":"Spheric Guardian","floor":20,"turns":4},{"damage":15,"enemies":"Snake Plant","floor":22,"turns":3},{"damage":54,"enemies":"Slavers","floor":23,"turns":9},{"damage":28,"enemies":"Cultist and Chosen","floor":25,"turns":9},{"damage":11,"enemies":"Shelled Parasite and Fungi","floor":28,"turns":3}],"seed_played":"-1847259964150369306","potions_obtained":[{"floor":1,"key":"DuplicationPotion"},{"floor":5,"key":"Explosive Potion"},{"floor":11,"key":"GamblersBrew"},{"floor":13,"key":"PowerPotion"},{"floor":25,"key":"Block Potion"}],"is_trial":false,"path_per_floor":["M","?","?","$","M","E","M","M","T","R","M","M","M","E","R","B",null,"M","?","M","?","M","E","R","M","T","R","M"],"character_chosen":"THE_SILENT","items_purchased":["Reflex"],"campfire_rested":1,"item_purchase_floors":[4],"current_hp_per_floor":[59,59,59,59,59,59,59,51,51,51,51,51,46,34,34,27,56,53,47,40,76,61,7,29,3,3,3,0],"gold":290,"neow_bonus":"THREE_ENEMY_KILL","is_prod":false,"is_daily":false,"chose_seed":false,"campfire_upgraded":3,"win_rate":0,"timestamp":1720767984,"path_taken":["M","?","?","$","M","E","M","?","T","R","M","M","M","E","R","BOSS","M","?","M","?","M","E","R","M","T","R","?"],"build_version":"2022-12-18","purchased_purges":0,"victory":false,"max_hp_per_floor":[66,66,66,66,66,66,66,66,66,66,66,66,66,66,66,66,66,66,66,66,76,76,76,76,76,76,76,76],"card_choices":[{"not_picked":["Deflect","Dagger Spray"],"picked":"Caltrops","floor":1},{"not_picked":["Quick Slash","PiercingWail"],"picked":"Crippling Poison","floor":5},{"not_picked":["Slice","Underhanded Strike"],"picked":"After Image","floor":6},{"not_picked":["Dodge and Roll","Underhanded Strike"],"picked":"Outmaneuver","floor":7},{"not_picked":["Dagger Spray","Caltrops"],"picked":"Leg Sweep","floor":8},{"not_picked":["Backflip","Outmaneuver"],"picked":"Wraith Form v2","floor":11},{"not_picked":["Quick Slash","Caltrops"],"picked":"Deadly Poison","floor":12},{"not_picked":["Caltrops","Quick Slash"],"picked":"Deadly Poison","floor":13},{"not_picked":["Underhanded Strike","Footwork"],"picked":"Reflex","floor":14},{"not_picked":["Grand Finale","Phantasmal Killer","Die Die Die"],"picked":"Burst","floor":16},{"not_picked":["PiercingWail","Blade Dance","Terror+1","Deflect"],"picked":"SKIP","floor":18},{"not_picked":["Bouncing Flask","Flying Knee","Bane"],"picked":"Dagger Throw","floor":20},{"not_picked":["Prepared","Concentrate","Quick Slash"],"picked":"Night Terror","floor":22},{"not_picked":["Skewer","Bane","Poisoned Stab+1"],"picked":"Tactician","floor":23},{"not_picked":["Accuracy","Dagger Throw","Quick Slash"],"picked":"Well Laid Plans","floor":25}],"player_experience":2542312,"relics_obtained":[{"floor":6,"key":"War Paint"},{"floor":9,"key":"Vajra"},{"floor":14,"key":"Question Card"},{"floor":23,"key":"Blood Vial"},{"floor":26,"key":"Toy Ornithopter"}],"event_choices":[{"damage_healed":0,"gold_gain":0,"cards_transformed":["Strike_G"],"player_choice":"Change","damage_taken":0,"max_hp_gain":0,"max_hp_loss":0,"event_name":"Living Wall","floor":2,"gold_loss":0,"cards_obtained":["Acrobatics"]},{"damage_healed":0,"gold_gain":0,"cards_transformed":["Defend_G"],"player_choice":"Transformed","damage_taken":0,"max_hp_gain":0,"max_hp_loss":0,"event_name":"Transmorgrifier","floor":3,"gold_loss":0,"cards_obtained":["Heel Hook"]},{"damage_healed":0,"gold_gain":0,"player_choice":"Joined the Cult","damage_taken":6,"max_hp_gain":0,"max_hp_loss":0,"event_name":"Nest","floor":19,"gold_loss":0,"cards_obtained":["RitualDagger"]},{"cards_removed":["Wraith Form v2"],"damage_healed":26,"gold_gain":0,"player_choice":"Offered Rare","damage_taken":0,"max_hp_gain":10,"max_hp_loss":0,"event_name":"Bonfire Elementals","floor":21,"gold_loss":0}],"is_beta":false,"boss_relics":[{"not_picked":["Runic Pyramid","Cursed Key"],"picked":"Snecko Eye"}],"items_purged_floors":[],"is_endless":false,"potions_floor_spawned":[1,5,11,12,13,14,25],"killed_by":"Shelled Parasite and Fungi","ascension_level":20}