{"gold_per_floor":[113,131,146,69,69,69,81,116,116,116,12,32,59,59,59,130,130,142,142,162,162,172,172,172],"floor_reached":24,"playtime":767,"items_purged":["Strike_G"],"score":412,"play_id":"900a4475-5fb3-4e02-9b09-b49243db4351","local_time":"20240716121314","is_ascension_mode":true,"campfire_choices":[{"data":"Catalyst","floor":6,"key":"SMITH"},{"floor":10,"key":"REST"},{"data":"Deadly Poison","floor":15,"key":"SMITH"},{"floor":23,"key":"REST"}],"neow_cost":"NONE","seed_source_timestamp":361708142923200,"circlet_count":0,"master_deck":["AscendersBane","Strike_G","Defend_G","Defend_G","Defend_G","Defend_G","Defend_G","Survivor","Neutralize","Catalyst+1","Flying Knee","Bane","Bouncing Flask","Dash","Deadly Poison+1","Calculated Gamble","Sucker Punch","Tools of the Trade","Deflect+1","PiercingWail+1","Catalyst+1"],"relics":["Ring of the Snake","NeowsBlessing","Potion Belt","Dream Catcher","Matryoshka","Empty Cage","Blood Vial","Tingsha"],"potions_floor_usage":[16,20,24,24,24],"damage_taken":[{"damage":0,"enemies":"Cultist","floor":1,"turns":1},{"damage":0,"enemies":"Small Slimes","floor":2,"turns":2},{"damage":0,"enemies":"Jaw Worm","floor":3,"turns":1},{"damage":3,"enemies":"Red Slaver","floor":7,"turns":5},{"damage":38,"enemies":"Gremlin Nob","floor":8,"turns":4},{"damage":5,"enemies":"Gremlin Gang","floor":12,"turns":5},{"damage":17,"enemies":"Lagavulin","floor":13,"turns":4},{"damage":4,"enemies":"The Guardian","floor":16,"turns":5},{"damage":9,"enemies":"Chosen","floor":18,"turns":4},{"damage":7,"enemies":"Shell Parasite","floor":20,"turns":4},{"damage":41,"enemies":"Shelled Parasite and Fungi","floor":22,"turns":6},{"damage":38,"enemies":"Gremlin Leader","floor":24,"turns":5}],"seed_played":"-1519980418381022692","potions_obtained":[{"floor":3,"key":"LiquidBronze"},{"floor":8,"key":"Dexterity Potion"},{"floor":12,"key":"Dexterity Potion"},{"floor":13,"key":"Poison Potion"},{"floor":18,"key":"Strength Potion"}],"is_trial":false,"path_per_floor":["M","M","M","$","?","R","M","E","T","R","$","M","E","?","R","B",null,"M","T","M","?","M","R","E"],"character_chosen":"THE_SILENT","items_purchased":["Bouncing Flask","Sucker Punch"],"campfire_rested":2,"item_purchase_floors":[4,11],"current_hp_per_floor":[59,59,59,59,59,59,56,18,18,37,37,32,15,66,66,62,65,56,56,51,51,12,31,0],"gold":172,"neow_bonus":"THREE_ENEMY_KILL","is_prod":false,"is_daily":false,"chose_seed":false,"campfire_upgraded":2,"win_rate":0,"timestamp":1721124794,"path_taken":["M","M","?","$","?","R","M","E","T","R","?","M","E","?","R","BOSS","M","?","?","?","M","R","E"],"build_version":"2022-12-18","purchased_purges":1,"victory":false,"max_hp_per_floor":[66,66,66,66,66,66,66,66,66,66,66,66,66,66,66,66,66,66,66,66,66,66,66,66],"card_choices":[{"not_picked":["Cloak And Dagger","Sucker Punch"],"picked":"Catalyst","floor":1},{"not_picked":["Accuracy","Blade Dance"],"picked":"Flying Knee","floor":2},{"not_picked":["Accuracy","Quick Slash"],"picked":"Bane","floor":3},{"not_picked":["Prepared","Bane"],"picked":"Deadly Poison","floor":7},{"not_picked":["Night Terror","Accuracy"],"picked":"Flechettes","floor":8},{"not_picked":["Slice","Quick Slash"],"picked":"Calculated Gamble","floor":10},{"not_picked":["Slice","Deadly Poison","Backstab"],"picked":"SKIP","floor":12},{"not_picked":["Accuracy","Dagger Spray","Night Terror"],"picked":"SKIP","floor":13},{"not_picked":["Storm of Steel","Phantasmal Killer"],"picked":"Tools of the Trade","floor":16},{"not_picked":["Backflip","Flying Knee"],"picked":"Deflect+1","floor":18},{"not_picked":["Blade Dance","Concentrate"],"picked":"PiercingWail+1","floor":20},{"not_picked":["Blade Dance","Deflect","Backstab"],"picked":"SKIP","floor":22}],"player_experience":2575095,"relics_obtained":[{"floor":8,"key":"Potion Belt"},{"floor":9,"key":"Dream Catcher"},{"floor":13,"key":"Matryoshka"},{"floor":19,"key":"Blood Vial"},{"floor":19,"key":"Tingsha"}],"event_choices":[{"damage_healed":0,"gold_gain":0,"cards_transformed":["Strike_G"],"player_choice":"Transformed","damage_taken":0,"max_hp_gain":0,"max_hp_loss":0,"event_name":"Transmorgrifier","floor":5,"gold_loss":0,"cards_obtained":["Dash"]},{"cards_removed":["Flechettes"],"damage_healed":51,"gold_gain":0,"player_choice":"Offered Uncommon","damage_taken":0,"max_hp_gain":0,"max_hp_loss":0,"event_name":"Bonfire Elementals","floor":14,"gold_loss":0},{"damage_healed":0,"gold_gain":0,"player_choice":"Copied","damage_taken":0,"max_hp_gain":0,"max_hp_loss":0,"event_name":"Duplicator","floor":21,"gold_loss":0,"cards_obtained":["Catalyst"]}],"is_beta":false,"boss_relics":[{"not_picked":["Philosopher\u0027s Stone","SlaversCollar"],"picked":"Empty Cage"}],"items_purged_floors":[11],"is_endless":false,"potions_floor_spawned":[3,8,12,13,18],"killed_by":"Gremlin Leader","ascension_level":20}