{"gold_per_floor":[116,136,156,156,23,23,50,50,77,77,77,2,19,34,34,107,107,121,151,151,163,175,175],"floor_reached":23,"playtime":934,"items_purged":["Pain"],"score":532,"play_id":"82055314-5a4f-4fed-bd7b-07faf87e3f45","local_time":"20240716153502","is_ascension_mode":true,"campfire_choices":[{"data":"Burst","floor":6.0,"key":"SMITH"},{"data":"Calculated Gamble","floor":8.0,"key":"SMITH"},{"data":"Deadly Poison","floor":10.0,"key":"SMITH"},{"data":"Catalyst","floor":15.0,"key":"SMITH"}],"neow_cost":"NONE","seed_source_timestamp":373590704656700,"circlet_count":0,"master_deck":["AscendersBane","Survivor","Neutralize","Burst+1","Quick Slash","Calculated Gamble+1","Deadly Poison+1","Dagger Throw","Well Laid Plans","Catalyst+1","Outmaneuver","Deadly Poison","Doppelganger","Tactician","Escape Plan","Malaise","Bane","Backstab","A Thousand Cuts","After Image","Leg Sweep","Acrobatics","RitualDagger","Expertise"],"special_seed":0,"relics":["Ring of the Snake","WarpedTongs","Bag of Preparation","Toy Ornithopter","Pandora\u0027s Box","Red Mask"],"potions_floor_usage":[23],"damage_taken":[{"damage":2.0,"enemies":"Small Slimes","floor":1.0,"turns":6.0},{"damage":0.0,"enemies":"Cultist","floor":2.0,"turns":4.0},{"damage":0.0,"enemies":"2 Louse","floor":3.0,"turns":3.0},{"damage":3.0,"enemies":"Gremlin Nob","floor":7.0,"turns":3.0},{"damage":0.0,"enemies":"Looter","floor":13.0,"turns":3.0},{"damage":7.0,"enemies":"3 Louse","floor":14.0,"turns":4.0},{"damage":0.0,"enemies":"The Guardian","floor":16.0,"turns":3.0},{"damage":0.0,"enemies":"Chosen","floor":18.0,"turns":3.0},{"damage":13.0,"enemies":"Masked Bandits","floor":19.0,"turns":4.0},{"damage":0.0,"enemies":"Shell Parasite","floor":21.0,"turns":5.0},{"damage":6.0,"enemies":"Centurion and Healer","floor":22.0,"turns":5.0},{"damage":61,"enemies":"Slavers","floor":23,"turns":5}],"seed_played":"-7630635598674017584","potions_obtained":[{"floor":1.0,"key":"Fire Potion"},{"floor":2.0,"key":"SteroidPotion"},{"floor":13.0,"key":"SkillPotion"},{"floor":18.0,"key":"Swift Potion"},{"floor":21.0,"key":"ColorlessPotion"}],"is_trial":false,"path_per_floor":["M","M","M","?","$","R","E","R","T","R","?","?","M","M","R","B",null,"M","?","?","M","M","E"],"character_chosen":"THE_SILENT","items_purchased":["Dagger Throw"],"campfire_rested":0,"item_purchase_floors":[5],"current_hp_per_floor":[57,57,57,57,57,57,54,54,54,54,54,54,54,47,47,47,61,61,58,52,52,46,0],"gold":175,"neow_bonus":"ONE_RANDOM_RARE_CARD","is_prod":false,"is_daily":false,"chose_seed":false,"campfire_upgraded":4,"win_rate":0,"timestamp":1721136902,"path_taken":["M","M","M","?","?","R","E","R","T","R","?","?","M","M","R","BOSS","M","?","?","M","M","E"],"build_version":"2022-12-18","purchased_purges":1,"victory":false,"max_hp_per_floor":[66,66,66,66,66,66,66,66,66,66,66,66,66,66,66,66,66,66,66,66,66,66,66],"card_choices":[{"not_picked":["Riddle With Holes","Sucker Punch"],"picked":"Quick Slash","floor":1.0},{"not_picked":["Underhanded Strike","Slice"],"picked":"Calculated Gamble","floor":2.0},{"not_picked":["Escape Plan","Backflip"],"picked":"Deadly Poison","floor":3.0},{"not_picked":["Underhanded Strike","Storm of Steel"],"picked":"Well Laid Plans","floor":7.0},{"not_picked":["Sucker Punch","Quick Slash"],"picked":"Outmaneuver","floor":13.0},{"not_picked":["Skewer","Eviscerate"],"picked":"Deadly Poison","floor":14.0},{"not_picked":["Phantasmal Killer","Grand Finale"],"picked":"Doppelganger","floor":16.0},{"not_picked":["Heel Hook","Cloak And Dagger"],"picked":"Acrobatics","floor":18.0},{"not_picked":["Dodge and Roll","Sucker Punch"],"picked":"Expertise","floor":21.0},{"not_picked":["Terror","Sucker Punch","Glass Knife"],"picked":"SKIP","floor":22.0}],"player_experience":2581805,"relics_obtained":[{"floor":7.0,"key":"Bag of Preparation"},{"floor":9.0,"key":"Toy Ornithopter"},{"floor":19.0,"key":"Red Mask"}],"event_choices":[{"damage_healed":0.0,"max_hp_gain":0.0,"max_hp_loss":0.0,"gold_gain":0.0,"event_name":"Accursed Blacksmith","player_choice":"Rummage","floor":4.0,"gold_loss":0.0,"damage_taken":0.0,"relics_obtained":["WarpedTongs"],"cards_obtained":["Pain"]},{"damage_healed":0.0,"max_hp_gain":0.0,"max_hp_loss":0.0,"gold_gain":0.0,"cards_transformed":["Strike_G"],"event_name":"Living Wall","player_choice":"Change","floor":11.0,"gold_loss":0.0,"damage_taken":0.0,"cards_obtained":["Catalyst"]},{"cards_removed":["Strike_G"],"damage_healed":0.0,"max_hp_gain":0.0,"max_hp_loss":0.0,"gold_gain":0.0,"event_name":"The Cleric","player_choice":"Card Removal","floor":12.0,"gold_loss":75.0,"damage_taken":0.0},{"damage_healed":0.0,"max_hp_gain":0.0,"max_hp_loss":0.0,"gold_gain":0.0,"event_name":"Masked Bandits","player_choice":"Fought Bandits","floor":19.0,"gold_loss":0.0,"damage_taken":0.0},{"damage_healed":0.0,"max_hp_gain":0.0,"max_hp_loss":0.0,"gold_gain":0.0,"event_name":"Nest","player_choice":"Joined the Cult","floor":20.0,"gold_loss":0.0,"damage_taken":6.0,"cards_obtained":["RitualDagger"]}],"is_beta":false,"boss_relics":[{"not_picked":["Empty Cage","Tiny House"],"picked":"Pandora\u0027s Box"}],"items_purged_floors":[5],"is_endless":false,"potions_floor_spawned":[1,2,13,18,21],"killed_by":"Slavers","ascension_level":20}