{"gold_per_floor":[367,367,76,94,109,109,128,153,201,230,195,227,227,241,241,320,320,332,352,12,12,23,49,49,69,69,69,95,30,41,64,64,64],"floor_reached":33,"playtime":1445,"items_purged":["Regret"],"score":685,"play_id":"90c7a023-fbe8-4bcf-87f4-5b68296362f6","local_time":"20240716123728","is_ascension_mode":true,"campfire_choices":[{"data":"Neutralize","floor":6,"key":"SMITH"},{"data":"Acrobatics","floor":15,"key":"SMITH"},{"floor":24,"key":"REST"},{"floor":27,"key":"REST"},{"floor":32,"key":"REST"}],"neow_cost":"CURSE","seed_source_timestamp":362483146889800,"circlet_count":0,"master_deck":["AscendersBane","Strike_G","Strike_G","Strike_G","Strike_G","Strike_G","Defend_G","Defend_G","Defend_G","Defend_G+1","Defend_G","Survivor+1","Neutralize+1","Masterful Stab","Flying Knee+1","Acrobatics+1","Sucker Punch+1","Malaise+1","PiercingWail","Poisoned Stab+1","Reflex","Terror","Unload+1","Crippling Poison","Decay","Night Terror","Catalyst","Backstab+1","Noxious Fumes"],"relics":["Ring of the Snake","Molten Egg 2","TwistedFunnel","War Paint","Snake Skull","Strawberry","Sundial","Philosopher\u0027s Stone","Toolbox","Blood Vial","The Courier","Mango","Kunai"],"potions_floor_usage":[8,25,30],"damage_taken":[{"damage":4,"enemies":"Small Slimes","floor":1,"turns":3},{"damage":0,"enemies":"Cultist","floor":4,"turns":3},{"damage":0,"enemies":"2 Louse","floor":5,"turns":2},{"damage":0,"enemies":"2 Fungi Beasts","floor":7,"turns":3},{"damage":17,"enemies":"3 Sentries","floor":8,"turns":11},{"damage":23,"enemies":"Lagavulin","floor":10,"turns":8},{"damage":0,"enemies":"Gremlin Nob","floor":12,"turns":3},{"damage":0,"enemies":"Lots of Slimes","floor":14,"turns":2},{"damage":26,"enemies":"Slime Boss","floor":16,"turns":12},{"damage":11,"enemies":"Chosen","floor":18,"turns":4},{"damage":15,"enemies":"Shell Parasite","floor":19,"turns":4},{"damage":3,"enemies":"Cultist and Chosen","floor":22,"turns":4},{"damage":33,"enemies":"Gremlin Leader","floor":23,"turns":7},{"damage":33,"enemies":"Shelled Parasite and Fungi","floor":25,"turns":4},{"damage":27,"enemies":"Slavers","floor":28,"turns":6},{"damage":11,"enemies":"Snake Plant","floor":30,"turns":2},{"damage":45,"enemies":"Collector","floor":33,"turns":5}],"seed_played":"1062522881965670722","potions_obtained":[{"floor":1,"key":"Swift Potion"},{"floor":4,"key":"FairyPotion"},{"floor":23,"key":"ColorlessPotion"},{"floor":25,"key":"DuplicationPotion"}],"is_trial":false,"path_per_floor":["M","?","$","M","M","R","M","E","T","E","?","E","?","M","R","B",null,"M","M","$","?","M","E","R","M","T","R","E","$","M","T","R","B"],"character_chosen":"THE_SILENT","items_purchased":["Flying Knee+1","TwistedFunnel","Toolbox","Blood Vial","Noxious Fumes"],"campfire_rested":3,"item_purchase_floors":[3,3,20,20,29],"current_hp_per_floor":[55,55,55,55,55,55,55,38,38,22,40,40,40,40,40,14,58,47,32,32,32,31,21,42,11,25,51,26,26,17,17,43,0],"gold":64,"neow_bonus":"TWO_FIFTY_GOLD","is_prod":false,"is_daily":false,"chose_seed":false,"campfire_upgraded":2,"win_rate":0,"timestamp":1721126248,"path_taken":["M","?","$","M","?","R","?","E","T","E","?","E","?","M","R","BOSS","M","?","$","?","M","E","R","M","T","R","E","$","M","?","R","BOSS"],"build_version":"2022-12-18","purchased_purges":1,"victory":false,"max_hp_per_floor":[66,66,66,66,66,66,66,66,66,73,73,73,73,73,73,73,73,73,73,73,73,73,73,73,73,87,87,87,87,87,87,87,87],"card_choices":[{"not_picked":["Crippling Poison","Dodge and Roll"],"picked":"Masterful Stab","floor":1},{"not_picked":["Tactician","Choke+1"],"picked":"Acrobatics","floor":4},{"not_picked":["Slice+1","PiercingWail"],"picked":"Sucker Punch+1","floor":5},{"not_picked":["Underhanded Strike+1","Prepared"],"picked":"Malaise","floor":7},{"not_picked":["Well Laid Plans","Masterful Stab+1"],"picked":"PiercingWail","floor":8},{"not_picked":["Deadly Poison","Burst"],"picked":"Poisoned Stab+1","floor":10},{"not_picked":["Deflect","Malaise"],"picked":"Reflex","floor":12},{"not_picked":["Dodge and Roll","Sucker Punch+1"],"picked":"Terror","floor":14},{"not_picked":["Glass Knife+1","Wraith Form v2"],"picked":"Unload+1","floor":16},{"not_picked":["Dodge and Roll","Caltrops+1"],"picked":"Crippling Poison","floor":18},{"not_picked":["Predator+1","Dodge and Roll","Cloak And Dagger"],"picked":"SKIP","floor":19},{"not_picked":["Cloak And Dagger","Acrobatics","Dagger Throw+1"],"picked":"SKIP","floor":22},{"not_picked":["Deadly Poison+1","Outmaneuver"],"picked":"Night Terror","floor":23},{"not_picked":["Quick Slash+1","PiercingWail"],"picked":"Catalyst","floor":25},{"not_picked":["Deadly Poison","Dagger Spray+1"],"picked":"Backstab+1","floor":28},{"not_picked":["Escape Plan","Dagger Spray+1","PiercingWail"],"picked":"SKIP","floor":30}],"player_experience":2575862,"relics_obtained":[{"floor":2,"key":"Molten Egg 2"},{"floor":8,"key":"War Paint"},{"floor":9,"key":"Snake Skull"},{"floor":10,"key":"Strawberry"},{"floor":12,"key":"Sundial"},{"floor":23,"key":"The Courier"},{"floor":26,"key":"Mango"},{"floor":28,"key":"Kunai"}],"event_choices":[{"damage_healed":0,"gold_gain":0,"player_choice":"Relic","damage_taken":0,"max_hp_gain":0,"max_hp_loss":0,"event_name":"Wheel of Change","floor":2,"gold_loss":0},{"damage_healed":18,"gold_gain":0,"player_choice":"Healed","damage_taken":0,"max_hp_gain":0,"max_hp_loss":0,"event_name":"The Cleric","floor":11,"gold_loss":35},{"damage_healed":0,"gold_gain":0,"player_choice":"Forge","damage_taken":0,"max_hp_gain":0,"max_hp_loss":0,"event_name":"Accursed Blacksmith","floor":13,"gold_loss":0,"cards_upgraded":["Survivor"]},{"damage_healed":0,"gold_gain":0,"player_choice":"Smashed Altar","damage_taken":0,"max_hp_gain":0,"max_hp_loss":0,"event_name":"Forgotten Altar","floor":21,"gold_loss":0,"cards_obtained":["Decay"]}],"is_beta":false,"boss_relics":[{"not_picked":["Ectoplasm","WristBlade"],"picked":"Philosopher\u0027s Stone"}],"items_purged_floors":[3],"is_endless":false,"potions_floor_spawned":[1,4,7,23,25],"killed_by":"Collector","ascension_level":20}