{"gold_per_floor":[113,113,131,141,195,195,225,235,258,258,69,87,87],"floor_reached":13,"playtime":353,"items_purged":[],"score":170,"play_id":"2b68bf88-58c7-472d-ae7a-7894fe1d6892","local_time":"20240716115951","is_ascension_mode":true,"campfire_choices":[{"data":"Quick Slash","floor":6,"key":"SMITH"},{"floor":10,"key":"REST"}],"neow_cost":"NONE","seed_source_timestamp":361318871993900,"circlet_count":0,"master_deck":["AscendersBane","Strike_G","Strike_G","Strike_G","Strike_G","Strike_G","Defend_G","Defend_G","Defend_G","Defend_G","Survivor","Neutralize","Footwork","Quick Slash+1","Deflect","Glass Knife","Outmaneuver","PiercingWail","Quick Slash","Dagger Spray"],"relics":["Ring of the Snake","NeowsBlessing","Dream Catcher","Happy Flower","Orichalcum","TwistedFunnel"],"potions_floor_usage":[7,7],"damage_taken":[{"damage":0,"enemies":"2 Louse","floor":1,"turns":1},{"damage":0,"enemies":"Cultist","floor":3,"turns":1},{"damage":0,"enemies":"Jaw Worm","floor":4,"turns":1},{"damage":26,"enemies":"Gremlin Nob","floor":7,"turns":4},{"damage":31,"enemies":"Exordium Thugs","floor":8,"turns":4},{"damage":0,"enemies":"2 Fungi Beasts","floor":12,"turns":3},{"damage":24,"enemies":"3 Sentries","floor":13,"turns":10}],"seed_played":"5035853260568537929","potions_obtained":[{"floor":1,"key":"Poison Potion"},{"floor":4,"key":"SteroidPotion"}],"is_trial":false,"path_per_floor":["M","?","M","M","T","R","E","M","T","R","$","M","E"],"character_chosen":"THE_SILENT","items_purchased":["TwistedFunnel","Quick Slash"],"campfire_rested":1,"item_purchase_floors":[11,11],"current_hp_per_floor":[59,59,59,59,59,59,33,2,2,21,21,21,0],"gold":87,"neow_bonus":"THREE_ENEMY_KILL","is_prod":false,"is_daily":false,"chose_seed":false,"campfire_upgraded":1,"win_rate":0,"timestamp":1721123991,"path_taken":["M","?","?","M","?","R","E","M","T","R","$","M","E"],"build_version":"2022-12-18","purchased_purges":0,"victory":false,"max_hp_per_floor":[66,66,66,66,66,66,66,66,66,66,66,66,66],"card_choices":[{"not_picked":["Setup","Caltrops"],"picked":"Footwork","floor":1},{"not_picked":["Outmaneuver","Eviscerate"],"picked":"Quick Slash","floor":3},{"not_picked":["Footwork","Setup"],"picked":"Deflect","floor":4},{"not_picked":["Dash","Poisoned Stab"],"picked":"Glass Knife","floor":7},{"not_picked":["Deflect","Distraction"],"picked":"Outmaneuver","floor":8},{"not_picked":["Heel Hook","Outmaneuver"],"picked":"PiercingWail","floor":10},{"not_picked":["Sucker Punch","Prepared"],"picked":"Dagger Spray","floor":12}],"player_experience":2574729,"relics_obtained":[{"floor":5,"key":"Dream Catcher"},{"floor":7,"key":"Happy Flower"},{"floor":9,"key":"Orichalcum"}],"event_choices":[{"cards_removed":["Defend_G"],"damage_healed":0,"gold_gain":0,"player_choice":"Purged","damage_taken":0,"max_hp_gain":0,"max_hp_loss":0,"event_name":"Purifier","floor":2,"gold_loss":0}],"is_beta":false,"boss_relics":[],"items_purged_floors":[],"is_endless":false,"potions_floor_spawned":[1,4],"killed_by":"3 Sentries","ascension_level":20}