{"gold_per_floor":[111,111,23,37,37,71,71,82,112,136,155,169,194,41,41,137,137,155,155,166,184,216,216,216,234,234,234,253,253],"floor_reached":29,"playtime":1138,"items_purged":[],"score":364,"play_id":"91f95af8-2b95-41e1-83c2-878f5864b97c","local_time":"20181210223729","is_ascension_mode":true,"campfire_choices":[{"data":"Anger","floor":7.0,"key":"SMITH"},{"data":"Rage","floor":15.0,"key":"SMITH"},{"floor":23.0,"key":"REST"},{"floor":27.0,"key":"REST"}],"neow_cost":"NONE","seed_source_timestamp":0,"circlet_count":0,"master_deck":["Strike_R","Strike_R","Strike_R","Defend_R","Defend_R","Bash","Rage+1","Anger+1","Finesse","Fire Breathing","Ghostly Armor","Dropkick","Demon Form+1","Rampage+1","Sentinel+1","Exhume+1","Anger","Inflame","Flex","Dropkick"],"special_seed":0,"relics":["Burning Blood","Ornamental Fan","Smiling Mask","Tiny Chest","Blood Vial","Bronze Scales","Vajra","Astrolabe","Red Mask","Nloth\u0027s Gift","Mummified Hand"],"potions_floor_usage":[],"damage_taken":[{"damage":0.0,"enemies":"Jaw Worm","floor":1.0,"turns":1.0},{"damage":0.0,"enemies":"2 Louse","floor":4.0,"turns":1.0},{"damage":0.0,"enemies":"3 Sentries","floor":6.0,"turns":2.0},{"damage":1.0,"enemies":"Cultist","floor":8.0,"turns":5.0},{"damage":0.0,"enemies":"Blue Slaver","floor":11.0,"turns":3.0},{"damage":0.0,"enemies":"2 Fungi Beasts","floor":12.0,"turns":4.0},{"damage":30.0,"enemies":"Gremlin Nob","floor":13.0,"turns":4.0},{"damage":15.0,"enemies":"Hexaghost","floor":16.0,"turns":9.0},{"damage":12.0,"enemies":"Spheric Guardian","floor":18.0,"turns":5.0},{"damage":28.0,"enemies":"2 Thieves","floor":20.0,"turns":4.0},{"damage":22.0,"enemies":"Cultist and Chosen","floor":21.0,"turns":5.0},{"damage":26.0,"enemies":"Masked Bandits","floor":22.0,"turns":4.0},{"damage":25.0,"enemies":"Snake Plant","floor":25.0,"turns":5.0},{"damage":41.0,"enemies":"Snecko","floor":28.0,"turns":6.0},{"damage":17,"enemies":"Sentry and Sphere","floor":29,"turns":3}],"seed_played":"3188706555260345560","potions_obtained":[{"floor":4.0,"key":"Swift Potion"},{"floor":11.0,"key":"GamblersBrew"},{"floor":12.0,"key":"BloodPotion"},{"floor":13.0,"key":"SkillPotion"},{"floor":21.0,"key":"Strength Potion"},{"floor":22.0,"key":"BloodPotion"}],"is_trial":false,"path_per_floor":["M","?","$","M","?","E","R","M","T","T","M","M","E","$","R","B",null,"M","?","M","M","?","R","?","M","T","R","M","M"],"character_chosen":"IRONCLAD","items_purchased":["Finesse","Vajra"],"campfire_rested":2,"item_purchase_floors":[3,14],"current_hp_per_floor":[78,78,78,80,62,68,68,73,73,73,80,80,56,56,56,49,72,68,68,48,34,16,40,40,23,23,47,14,0],"gold":253,"neow_bonus":"THREE_ENEMY_KILL","is_prod":false,"is_daily":false,"chose_seed":false,"campfire_upgraded":2,"win_rate":0,"timestamp":1544499449,"path_taken":["M","?","$","M","?","E","R","M","T","?","M","M","E","$","R","BOSS","M","?","?","M","?","R","?","M","T","R","M","?"],"build_version":"2018-12-06","purchased_purges":0,"victory":false,"max_hp_per_floor":[80,80,80,80,80,80,80,80,80,80,80,80,80,80,80,80,80,80,80,80,80,80,80,80,80,80,80,80,80],"card_choices":[{"not_picked":["Wild Strike","Combust"],"picked":"Rage","floor":1.0},{"not_picked":["Clash","Power Through"],"picked":"Fire Breathing","floor":4.0},{"not_picked":["Thunderclap","Impervious"],"picked":"Ghostly Armor","floor":6.0},{"not_picked":["Body Slam","Rupture","True Grit"],"picked":"SKIP","floor":8.0},{"not_picked":["Clothesline","Thunderclap","Second Wind"],"picked":"SKIP","floor":11.0},{"not_picked":["Whirlwind","Iron Wave"],"picked":"Dropkick","floor":12.0},{"not_picked":["Pommel Strike","Armaments","Dual Wield"],"picked":"SKIP","floor":13.0},{"not_picked":["Impervious","Berserk"],"picked":"Demon Form","floor":16.0},{"not_picked":["True Grit","Thunderclap"],"picked":"Anger","floor":18.0},{"not_picked":["Sword Boomerang+1","Clash"],"picked":"Inflame","floor":20.0},{"not_picked":["Burning Pact","Shrug It Off"],"picked":"Flex","floor":21.0},{"not_picked":["Warcry","Flex"],"picked":"Dropkick","floor":22.0},{"not_picked":["Armaments","Cleave","Reaper"],"picked":"SKIP","floor":25.0},{"not_picked":["Armaments","True Grit","Flex"],"picked":"SKIP","floor":28.0}],"player_experience":625456,"relics_obtained":[{"floor":6.0,"key":"Smiling Mask"},{"floor":9.0,"key":"Tiny Chest"},{"floor":10.0,"key":"Blood Vial"},{"floor":13.0,"key":"Bronze Scales"},{"floor":22.0,"key":"Red Mask"},{"floor":26.0,"key":"Mummified Hand"}],"event_choices":[{"damage_healed":0.0,"max_hp_gain":0.0,"max_hp_loss":0.0,"gold_gain":0.0,"cards_transformed":["Strike_R"],"event_name":"Living Wall","player_choice":"Change","floor":2.0,"gold_loss":0.0,"damage_taken":0.0,"cards_obtained":["Anger"]},{"damage_healed":0.0,"max_hp_gain":0.0,"max_hp_loss":0.0,"gold_gain":0.0,"event_name":"Scrap Ooze","player_choice":"Success","floor":5.0,"gold_loss":0.0,"damage_taken":18.0,"relics_obtained":["Ornamental Fan"]},{"damage_healed":0.0,"max_hp_gain":0.0,"max_hp_loss":0.0,"gold_gain":0.0,"event_name":"Upgrade Shrine","player_choice":"Upgraded","floor":19.0,"gold_loss":0.0,"damage_taken":0.0,"cards_upgraded":["Demon Form"]},{"damage_healed":0.0,"max_hp_gain":0.0,"max_hp_loss":0.0,"gold_gain":0.0,"event_name":"Masked Bandits","player_choice":"Fought Bandits","floor":22.0,"gold_loss":0.0,"damage_taken":0.0},{"damage_healed":0.0,"max_hp_gain":0.0,"max_hp_loss":0.0,"gold_gain":0.0,"event_name":"N\u0027loth","player_choice":"Traded Relic","floor":24.0,"relics_lost":["NeowsBlessing"],"gold_loss":0.0,"damage_taken":0.0,"relics_obtained":["Nloth\u0027s Gift"]}],"is_beta":false,"boss_relics":[{"not_picked":["Cursed Key","Calling Bell"],"picked":"Astrolabe"}],"items_purged_floors":[],"is_endless":false,"potions_floor_spawned":[4,11,12,13,18,21,22],"killed_by":"Sentry and Sphere","ascension_level":8}