{"gold_per_floor":[117,117,133,83,97,130,130,130,130,150,150,150,128,156,156,156],"floor_reached":16,"playtime":597,"items_purged":[],"score":151,"play_id":"f3da98d6-3f7d-431a-829b-aae2261c6d42","local_time":"20181212171421","is_ascension_mode":true,"campfire_choices":[{"floor":7,"key":"REST"},{"data":"Rampage","floor":8,"key":"SMITH"},{"data":"Barricade","floor":11,"key":"SMITH"},{"floor":15,"key":"REST"}],"neow_cost":"TEN_PERCENT_HP_LOSS","seed_source_timestamp":481429786304,"circlet_count":0,"master_deck":["Strike_R","Strike_R","Strike_R","Strike_R","Defend_R","Defend_R","Defend_R","Defend_R","Bash","Intimidate","Shrug It Off","Rampage+1","Barricade+1","Body Slam"],"relics":["Burning Blood","WingedGreaves","FaceOfCleric","Bottled Lightning","Matryoshka","Mango","Blue Candle"],"potions_floor_usage":[14],"damage_taken":[{"damage":8,"enemies":"Jaw Worm","floor":1,"turns":5},{"damage":5,"enemies":"Cultist","floor":3,"turns":4},{"damage":0,"enemies":"2 Louse","floor":5,"turns":4},{"damage":49,"enemies":"Lagavulin","floor":6,"turns":8},{"damage":9,"enemies":"Blue Slaver","floor":10,"turns":5},{"damage":31,"enemies":"3 Sentries","floor":14,"turns":7},{"damage":69,"enemies":"Hexaghost","floor":16,"turns":12}],"seed_played":"-5579331754708598435","potions_obtained":[{"floor":3,"key":"PowerPotion"},{"floor":14,"key":"Energy Potion"}],"is_trial":false,"path_per_floor":["M","?","M","?","M","E","R","R","T","M","R","?","?","E","R","B"],"character_chosen":"IRONCLAD","items_purchased":[],"campfire_rested":2,"item_purchase_floors":[],"current_hp_per_floor":[70,70,72,72,74,32,54,54,54,52,52,63,63,39,66,0],"gold":156,"neow_bonus":"ONE_RARE_RELIC","is_prod":false,"is_daily":false,"chose_seed":false,"campfire_upgraded":2,"win_rate":0,"timestamp":1544652861,"path_taken":["M","?","?","?","M","E","R","R","T","M","R","?","?","E","R","BOSS"],"build_version":"2018-12-06","purchased_purges":0,"victory":false,"max_hp_per_floor":[72,72,73,73,74,75,75,75,75,76,76,90,90,91,91,91],"card_choices":[{"not_picked":["Body Slam","Carnage"],"picked":"Intimidate","floor":1},{"not_picked":["Flex","Burning Pact"],"picked":"Shrug It Off","floor":3},{"not_picked":["Headbutt","Pommel Strike"],"picked":"Rampage","floor":5},{"not_picked":["Thunderclap","Shrug It Off"],"picked":"Barricade","floor":6},{"not_picked":["Rampage","Armaments","Clothesline"],"picked":"SKIP","floor":10},{"not_picked":["Spot Weakness","Rupture"],"picked":"Body Slam","floor":14}],"player_experience":630480,"relics_obtained":[{"floor":6,"key":"Bottled Lightning"},{"floor":9,"key":"Matryoshka"},{"floor":14,"key":"Blue Candle"}],"event_choices":[{"damage_healed":0,"gold_gain":0,"player_choice":"Trade","damage_taken":0,"relics_obtained":["FaceOfCleric"],"max_hp_gain":0,"max_hp_loss":0,"event_name":"FaceTrader","floor":2,"gold_loss":0},{"cards_removed":["Strike_R"],"damage_healed":0,"gold_gain":0,"player_choice":"Card Removal","damage_taken":0,"max_hp_gain":0,"max_hp_loss":0,"event_name":"The Cleric","floor":4,"gold_loss":50},{"damage_healed":0,"gold_gain":0,"player_choice":"Success","damage_taken":3,"relics_obtained":["Mango"],"max_hp_gain":0,"max_hp_loss":0,"event_name":"Scrap Ooze","floor":12,"gold_loss":0},{"damage_healed":0,"gold_gain":0,"player_choice":"Left Gold","damage_taken":0,"max_hp_gain":0,"max_hp_loss":0,"event_name":"World of Goop","floor":13,"gold_loss":22}],"is_beta":false,"boss_relics":[],"items_purged_floors":[],"is_endless":false,"potions_floor_spawned":[3,14],"killed_by":"Hexaghost","ascension_level":8}