{"gold_per_floor":[413,413,84,103,123,151,162,195,195,195,1,17,17,17,17,17],"floor_reached":16,"playtime":948,"items_purged":["Pain"],"score":171,"play_id":"7182a1d1-1266-4673-b298-9201841575e5","local_time":"20190101130657","is_ascension_mode":true,"campfire_choices":[{"floor":10,"key":"REST"},{"floor":15,"key":"REST"}],"neow_cost":"CURSE","seed_source_timestamp":79572860922563,"circlet_count":0,"master_deck":["AscendersBane","Strike_R","Strike_R","Strike_R","Strike_R","Strike_R","Defend_R","Defend_R","Defend_R","Defend_R","Bash","Pain","Seeing Red","True Grit","Spot Weakness","Heavy Blade","Warcry+1","Limit Break+1"],"relics":["Burning Blood","Old Coin","WarpedTongs","Mummified Hand","Toxic Egg 2","Mercury Hourglass","Dodecahedron","Membership Card"],"potions_floor_usage":[7,12,12],"damage_taken":[{"damage":6,"enemies":"2 Louse","floor":1,"turns":4},{"damage":17,"enemies":"Cultist","floor":4,"turns":6},{"damage":7,"enemies":"Jaw Worm","floor":5,"turns":3},{"damage":24,"enemies":"3 Sentries","floor":6,"turns":10},{"damage":14,"enemies":"Exordium Wildlife","floor":7,"turns":5},{"damage":28,"enemies":"Lagavulin","floor":8,"turns":6},{"damage":25,"enemies":"Exordium Thugs","floor":12,"turns":5},{"damage":57,"enemies":"Slime Boss","floor":16,"turns":9}],"seed_played":"-337901628240965056","potions_obtained":[{"floor":4,"key":"Block Potion"},{"floor":5,"key":"EssenceOfSteel"},{"floor":8,"key":"SpeedPotion"}],"is_trial":false,"path_per_floor":["M","?","$","M","M","E","M","E","T","R","$","M","?","$","R","B"],"character_chosen":"IRONCLAD","items_purchased":["Mummified Hand","Membership Card"],"campfire_rested":2,"item_purchase_floors":[3,11],"current_hp_per_floor":[72,72,72,61,60,42,34,12,12,36,36,17,17,17,41,0],"gold":17,"neow_bonus":"ONE_RARE_RELIC","is_prod":false,"is_daily":false,"chose_seed":false,"campfire_upgraded":0,"win_rate":0,"timestamp":1546366017,"path_taken":["M","?","$","?","M","E","M","E","T","R","$","M","?","$","R","BOSS"],"build_version":"2018-12-20","purchased_purges":1,"victory":false,"max_hp_per_floor":[80,80,80,80,80,80,80,80,80,80,80,80,80,80,80,80],"card_choices":[{"not_picked":["Evolve","Anger"],"picked":"Seeing Red","floor":1},{"not_picked":["Battle Trance","Whirlwind"],"picked":"True Grit","floor":4},{"not_picked":["Clothesline","Havoc"],"picked":"Spot Weakness","floor":5},{"not_picked":["Pommel Strike","Cleave"],"picked":"Heavy Blade","floor":6},{"not_picked":["Thunderclap","Havoc+1"],"picked":"Warcry+1","floor":7},{"not_picked":["Armaments+1","Sentinel+1"],"picked":"Limit Break+1","floor":8},{"not_picked":["Twin Strike","Havoc+1","Searing Blow"],"picked":"SKIP","floor":12}],"player_experience":693774,"relics_obtained":[{"floor":6,"key":"Toxic Egg 2"},{"floor":8,"key":"Mercury Hourglass"},{"floor":9,"key":"Dodecahedron"}],"event_choices":[{"damage_healed":0,"gold_gain":0,"player_choice":"Rummage","damage_taken":0,"relics_obtained":["WarpedTongs"],"max_hp_gain":0,"max_hp_loss":0,"event_name":"Accursed Blacksmith","floor":2,"gold_loss":0,"cards_obtained":["Pain"]},{"damage_healed":0,"gold_gain":0,"player_choice":"Leave","damage_taken":0,"max_hp_gain":0,"max_hp_loss":0,"event_name":"The Cleric","floor":13,"gold_loss":0}],"is_beta":false,"boss_relics":[],"items_purged_floors":[3],"is_endless":false,"potions_floor_spawned":[4,5,8],"killed_by":"Slime Boss","ascension_level":11}