{"gold_per_floor":[109,12,187,262,116,116,116,144,144,179,193,205,222,235,235,335,335,307,325,240,240,252,252],"floor_reached":23,"playtime":1033,"items_purged":["Doubt"],"score":389,"play_id":"ff894f2c-4078-4190-8d75-9355ce60df74","local_time":"20190118193645","is_ascension_mode":true,"campfire_choices":[{"data":"Iron Wave","floor":6,"key":"SMITH"},{"data":"Perfected Strike","floor":15,"key":"SMITH"}],"neow_cost":"NONE","seed_source_timestamp":83355233165696,"circlet_count":0,"master_deck":["AscendersBane","Strike_R","Strike_R+1","Strike_R","Strike_R","Strike_R","Defend_R","Defend_R","Defend_R+1","Defend_R","Bash","Iron Wave+1","Dark Shackles","Pommel Strike","Shrug It Off","Intimidate","Perfected Strike+1","Cleave","Ghostly Armor","Juggernaut+1","Feel No Pain","Dropkick","Metallicize","Shockwave","Body Slam+1"],"relics":["Burning Blood","NeowsBlessing","Smiling Mask","Singing Bowl","Centennial Puzzle","Orrery","Sundial"],"potions_floor_usage":[16],"damage_taken":[{"damage":0,"enemies":"Jaw Worm","floor":1,"turns":1},{"damage":0,"enemies":"Lagavulin","floor":8,"turns":1},{"damage":0,"enemies":"3 Sentries","floor":10,"turns":2},{"damage":6,"enemies":"2 Louse","floor":11,"turns":3},{"damage":0,"enemies":"Small Slimes","floor":12,"turns":2},{"damage":3,"enemies":"2 Fungi Beasts","floor":13,"turns":3},{"damage":4,"enemies":"Gremlin Gang","floor":14,"turns":4},{"damage":47,"enemies":"The Guardian","floor":16,"turns":14},{"damage":14,"enemies":"2 Thieves","floor":18,"turns":5},{"damage":18,"enemies":"Shell Parasite","floor":19,"turns":7},{"damage":11,"enemies":"Snecko","floor":22,"turns":5},{"damage":57,"enemies":"Gremlin Leader","floor":23,"turns":8}],"seed_played":"-6460829448868338763","potions_obtained":[{"floor":1,"key":"AttackPotion"},{"floor":10,"key":"Dexterity Potion"}],"is_trial":false,"path_per_floor":["M","$","?","?","$","R","?","E","T","E","M","M","M","M","R","B",null,"M","M","?","?","M","E"],"character_chosen":"IRONCLAD","items_purchased":["Dark Shackles","Pommel Strike","Shrug It Off"],"campfire_rested":0,"item_purchase_floors":[2,5,5],"current_hp_per_floor":[78,78,78,67,67,67,51,57,57,63,63,71,76,78,78,37,76,70,58,58,58,53,0],"gold":252,"neow_bonus":"THREE_ENEMY_KILL","is_prod":false,"is_daily":false,"chose_seed":false,"campfire_upgraded":2,"win_rate":0,"timestamp":1547858205,"path_taken":["M","$","?","?","$","R","?","E","T","E","M","?","M","M","R","BOSS","M","M","?","?","?","E"],"build_version":"2019-01-17v2","purchased_purges":1,"victory":false,"max_hp_per_floor":[80,80,80,80,80,80,80,80,80,80,80,82,84,84,84,84,88,90,90,90,90,90,90],"card_choices":[{"not_picked":["Power Through","Battle Trance"],"picked":"Iron Wave","floor":1},{"not_picked":["Headbutt","Havoc"],"picked":"Intimidate","floor":8},{"not_picked":["Sentinel","Pommel Strike"],"picked":"Perfected Strike","floor":10},{"not_picked":["Reckless Charge","Intimidate"],"picked":"Cleave","floor":11},{"not_picked":["Clash","Warcry","Perfected Strike"],"picked":"Singing Bowl","floor":12},{"not_picked":["Combust","Iron Wave","Fire Breathing"],"picked":"Singing Bowl","floor":13},{"not_picked":["Cleave","Flame Barrier"],"picked":"Ghostly Armor","floor":14},{"not_picked":["Brutality","Impervious"],"picked":"Juggernaut","floor":16},{"not_picked":["Sword Boomerang","Clothesline","Combust"],"picked":"Singing Bowl","floor":17},{"not_picked":["Second Wind","Clothesline"],"picked":"Feel No Pain","floor":17},{"not_picked":["Demon Form","Wild Strike","Clothesline"],"picked":"Singing Bowl","floor":17},{"not_picked":["True Grit","Pommel Strike"],"picked":"Dropkick","floor":17},{"not_picked":["Iron Wave","Blood for Blood"],"picked":"Metallicize","floor":17},{"not_picked":["Shrug It Off","Headbutt","Rupture"],"picked":"Singing Bowl","floor":18},{"not_picked":["Cleave","Wild Strike"],"picked":"Shockwave","floor":19},{"not_picked":["Infernal Blade","Power Through"],"picked":"Body Slam+1","floor":22}],"player_experience":720336,"relics_obtained":[{"floor":8,"key":"Smiling Mask"},{"floor":9,"key":"Singing Bowl"},{"floor":10,"key":"Centennial Puzzle"}],"event_choices":[{"damage_healed":0,"gold_gain":175,"player_choice":"AGREE","damage_taken":0,"max_hp_gain":0,"max_hp_loss":0,"event_name":"Liars Game","floor":3,"gold_loss":0,"cards_obtained":["Doubt"]},{"damage_healed":0,"gold_gain":75,"player_choice":"Gather Gold","damage_taken":11,"max_hp_gain":0,"max_hp_loss":0,"event_name":"World of Goop","floor":4,"gold_loss":0},{"damage_healed":0,"gold_gain":0,"player_choice":"Entered Light","damage_taken":16,"max_hp_gain":0,"max_hp_loss":0,"event_name":"Shining Light","floor":7,"gold_loss":0,"cards_upgraded":["Strike_R","Defend_R"]},{"damage_healed":0,"gold_gain":0,"player_choice":"Obtained Relic","damage_taken":0,"relics_obtained":["Sundial"],"max_hp_gain":0,"max_hp_loss":0,"event_name":"Addict","floor":20,"gold_loss":85},{"damage_healed":0,"gold_gain":0,"player_choice":"Upgraded","damage_taken":0,"max_hp_gain":0,"max_hp_loss":0,"event_name":"Upgrade Shrine","floor":21,"gold_loss":0,"cards_upgraded":["Juggernaut"]}],"is_beta":false,"boss_relics":[{"not_picked":["Coffee Dripper","Pandora\u0027s Box"],"picked":"Orrery"}],"items_purged_floors":[5],"is_endless":false,"potions_floor_spawned":[1,10,14],"killed_by":"Gremlin Leader","ascension_level":11}