{"gold_per_floor":[110,124,138,157,31,31,42,73,73,73,93,125,125,90,90,194,194,206,189,200,200,200,200,200,78,78,177,177,177],"floor_reached":29,"playtime":1090,"items_purged":["Strike_R"],"score":361,"play_id":"49345845-f133-424d-95f3-8ecfa1ab1215","local_time":"20190118000101","is_ascension_mode":true,"campfire_choices":[{"floor":6,"key":"REST"},{"floor":13,"key":"REST"},{"data":"Armaments","floor":15,"key":"SMITH"},{"floor":23,"key":"REST"}],"neow_cost":"NONE","seed_source_timestamp":12752156451101,"circlet_count":0,"master_deck":["AscendersBane","Strike_R+1","Strike_R+1","Strike_R+1","Strike_R+1","Defend_R+1","Defend_R+1","Defend_R+1","Defend_R+1","Bash","Twin Strike","Double Tap+1","True Grit","Shrug It Off","Dual Wield","Evolve+1","Rage","Armaments+1","Barricade+1","Reckless Charge","Cleave+1","True Grit","Decay"],"relics":["Runic Pyramid","Frozen Egg 2","Gremlin Horn","Boot","Philosopher\u0027s Stone","Tiny Chest","The Courier","Sundial"],"potions_floor_usage":[8,29],"damage_taken":[{"damage":3,"enemies":"Jaw Worm","floor":1,"turns":5},{"damage":5,"enemies":"Cultist","floor":2,"turns":5},{"damage":6,"enemies":"2 Louse","floor":3,"turns":3},{"damage":18,"enemies":"Exordium Wildlife","floor":4,"turns":5},{"damage":2,"enemies":"Looter","floor":7,"turns":5},{"damage":15,"enemies":"3 Sentries","floor":8,"turns":10},{"damage":12,"enemies":"2 Fungi Beasts","floor":11,"turns":3},{"damage":28,"enemies":"Gremlin Nob","floor":12,"turns":5},{"damage":17,"enemies":"Slime Boss","floor":16,"turns":12},{"damage":7,"enemies":"3 Byrds","floor":18,"turns":4},{"damage":31,"enemies":"2 Thieves","floor":19,"turns":4},{"damage":18,"enemies":"Cultist and Chosen","floor":20,"turns":7},{"damage":7,"enemies":"Colosseum Slavers","floor":22,"turns":6},{"damage":40,"enemies":"Slavers","floor":29,"turns":4}],"seed_played":"-8050407798534574844","potions_obtained":[{"floor":2,"key":"Weak Potion"},{"floor":4,"key":"BloodPotion"},{"floor":7,"key":"Fire Potion"},{"floor":8,"key":"Dexterity Potion"}],"is_trial":false,"path_per_floor":["M","M","M","M","$","R","M","E","T","?","M","E","R","?","R","B",null,"M","M","M","?","?","R","?","$","T","?","?","E"],"character_chosen":"IRONCLAD","items_purchased":["Shrug It Off","Tiny Chest"],"campfire_rested":3,"item_purchase_floors":[5,25],"current_hp_per_floor":[69,64,58,40,40,64,62,47,47,47,35,7,31,51,51,34,69,62,31,13,13,6,30,30,30,30,30,30,0],"gold":177,"neow_bonus":"BOSS_RELIC","is_prod":false,"is_daily":false,"chose_seed":false,"campfire_upgraded":1,"win_rate":0,"timestamp":1547787661,"path_taken":["M","M","M","M","$","R","M","E","T","?","?","E","R","?","R","BOSS","M","M","M","?","?","R","?","$","T","?","?","E"],"build_version":"2019-01-17","purchased_purges":1,"victory":false,"max_hp_per_floor":[80,80,80,80,80,80,80,80,80,80,80,80,80,80,80,80,80,80,80,80,80,80,80,80,80,80,80,80,80],"card_choices":[{"not_picked":["Clothesline","Carnage","Heavy Blade"],"picked":"SKIP","floor":1},{"not_picked":["Hemokinesis","Iron Wave"],"picked":"Twin Strike","floor":2},{"not_picked":["Bloodletting","Sentinel"],"picked":"Double Tap","floor":3},{"not_picked":["Pummel","Rupture"],"picked":"True Grit","floor":4},{"not_picked":["Feel No Pain","Clash"],"picked":"Dual Wield","floor":7},{"not_picked":["Clash","Power Through"],"picked":"Evolve","floor":8},{"not_picked":["True Grit","Feel No Pain+1"],"picked":"Rage","floor":11},{"not_picked":["Uppercut","Corruption+1"],"picked":"Armaments","floor":12},{"not_picked":["Dark Embrace+1","Impervious"],"picked":"Barricade+1","floor":16},{"not_picked":["Heavy Blade","Armaments"],"picked":"Reckless Charge","floor":18},{"not_picked":["Intimidate","Searing Blow"],"picked":"Cleave+1","floor":19},{"not_picked":["Thunderclap","Perfected Strike"],"picked":"True Grit","floor":20}],"player_experience":715853,"relics_obtained":[{"floor":8,"key":"Frozen Egg 2"},{"floor":9,"key":"Gremlin Horn"},{"floor":12,"key":"Boot"},{"floor":26,"key":"The Courier"}],"event_choices":[{"damage_healed":0,"gold_gain":0,"player_choice":"Upgraded","damage_taken":0,"max_hp_gain":0,"max_hp_loss":0,"event_name":"Upgrade Shrine","floor":10,"gold_loss":0,"cards_upgraded":["Double Tap"]},{"damage_healed":20,"gold_gain":0,"player_choice":"Healed","damage_taken":0,"max_hp_gain":0,"max_hp_loss":0,"event_name":"The Cleric","floor":14,"gold_loss":35},{"damage_healed":0,"gold_gain":0,"player_choice":"Simplicity","damage_taken":0,"max_hp_gain":0,"max_hp_loss":0,"event_name":"Back to Basics","floor":21,"gold_loss":0,"cards_upgraded":["Strike_R","Strike_R","Strike_R","Strike_R","Defend_R","Defend_R","Defend_R","Defend_R"]},{"damage_healed":0,"gold_gain":0,"player_choice":"Fight","damage_taken":0,"max_hp_gain":0,"max_hp_loss":0,"event_name":"Colosseum","floor":22,"gold_loss":0},{"damage_healed":0,"gold_gain":0,"player_choice":"Fled From Nobs","damage_taken":0,"max_hp_gain":0,"max_hp_loss":0,"event_name":"Colosseum","floor":22,"gold_loss":0},{"damage_healed":0,"gold_gain":0,"player_choice":"Smashed Altar","damage_taken":0,"max_hp_gain":0,"max_hp_loss":0,"event_name":"Forgotten Altar","floor":24,"gold_loss":0,"cards_obtained":["Decay"]},{"damage_healed":0,"gold_gain":99,"player_choice":"Stole From Cult","damage_taken":0,"max_hp_gain":0,"max_hp_loss":0,"event_name":"Nest","floor":27,"gold_loss":0},{"damage_healed":0,"gold_gain":0,"player_choice":"Opened","damage_taken":0,"relics_obtained":["Sundial"],"max_hp_gain":0,"max_hp_loss":0,"event_name":"The Mausoleum","floor":28,"gold_loss":0}],"is_beta":false,"boss_relics":[{"not_picked":["Fusion Hammer","Cursed Key"],"picked":"Philosopher\u0027s Stone"}],"items_purged_floors":[5],"is_endless":false,"potions_floor_spawned":[2,4,7,8,11,18],"killed_by":"Slavers","ascension_level":11}