{"gold_per_floor":[118,64,64,239,128,153,153,170,248,260,260,290,250,279,279,279],"floor_reached":16,"playtime":514,"items_purged":["Regret"],"score":170,"play_id":"2dfffee0-5204-4e97-8676-d5c9455ab75c","local_time":"20190131165430","is_ascension_mode":true,"campfire_choices":[{"floor":7,"key":"REST"},{"data":"Armaments","floor":15,"key":"SMITH"}],"neow_cost":"CURSE","seed_source_timestamp":0,"circlet_count":0,"master_deck":["AscendersBane","Strike_R","Strike_R","Strike_R","Strike_R","Strike_R","Defend_R","Defend_R","Defend_R","Defend_R+1","Bash","Clumsy","True Grit","Clash","Doubt","Inflame+1","Armaments+1","Sentinel","Heavy Blade+1","Sword Boomerang+1"],"special_seed":0,"relics":["Burning Blood","Bird Faced Urn","Question Card","Molten Egg 2","Kunai","Mercury Hourglass"],"potions_floor_usage":[10,16,16],"damage_taken":[{"damage":12,"enemies":"Small Slimes","floor":1,"turns":5},{"damage":58,"enemies":"Lagavulin","floor":6,"turns":9},{"damage":4,"enemies":"Jaw Worm","floor":8,"turns":4},{"damage":0,"enemies":"Cultist","floor":10,"turns":4},{"damage":24,"enemies":"3 Sentries","floor":14,"turns":10},{"damage":24,"enemies":"The Guardian","floor":16,"turns":5}],"seed_played":"-5619312798143927563","potions_obtained":[{"floor":6,"key":"SkillPotion"},{"floor":8,"key":"Poison Potion"},{"floor":14,"key":"Strength Potion"}],"is_trial":false,"path_per_floor":["M","$","?","?","$","E","R","M","T","M","?","?","?","E","R","B"],"character_chosen":"IRONCLAD","items_purchased":["Clash","Inflame"],"campfire_rested":1,"item_purchase_floors":[2,5],"current_hp_per_floor":[66,66,66,66,66,16,40,44,44,52,36,36,36,20,20,0],"gold":279,"neow_bonus":"ONE_RARE_RELIC","is_prod":false,"is_daily":false,"chose_seed":false,"campfire_upgraded":1,"win_rate":0,"timestamp":1548971670,"path_taken":["M","$","?","?","?","E","R","M","T","?","?","?","?","E","R","BOSS"],"build_version":"2019-01-23","purchased_purges":1,"victory":false,"max_hp_per_floor":[80,80,80,80,80,80,80,80,80,80,80,80,80,80,80,80],"card_choices":[{"not_picked":["Seeing Red","Perfected Strike"],"picked":"True Grit","floor":1},{"not_picked":["Flex","Infernal Blade","Perfected Strike"],"picked":"Armaments","floor":6},{"not_picked":["Heavy Blade+1","Clothesline+1","Battle Trance"],"picked":"Sentinel","floor":8},{"not_picked":["Evolve","Clothesline+1","Reckless Charge+1"],"picked":"Heavy Blade+1","floor":10},{"not_picked":["Impervious","Sever Soul+1","Carnage+1"],"picked":"Sword Boomerang+1","floor":14}],"player_experience":766521,"relics_obtained":[{"floor":6,"key":"Molten Egg 2"},{"floor":9,"key":"Kunai"},{"floor":14,"key":"Mercury Hourglass"}],"event_choices":[{"damage_healed":0,"gold_gain":0,"player_choice":"Box","damage_taken":0,"relics_obtained":["Question Card"],"max_hp_gain":0,"max_hp_loss":0,"event_name":"Big Fish","floor":3,"gold_loss":0,"cards_obtained":["Regret"]},{"damage_healed":0,"gold_gain":175,"player_choice":"AGREE","damage_taken":0,"max_hp_gain":0,"max_hp_loss":0,"event_name":"Liars Game","floor":4,"gold_loss":0,"cards_obtained":["Doubt"]},{"damage_healed":0,"gold_gain":0,"player_choice":"Entered Light","damage_taken":16,"max_hp_gain":0,"max_hp_loss":0,"event_name":"Shining Light","floor":11,"gold_loss":0,"cards_upgraded":["Defend_R","Inflame"]},{"damage_healed":0,"gold_gain":30,"player_choice":"Searched \u00272\u0027 times","damage_taken":0,"max_hp_gain":0,"max_hp_loss":0,"event_name":"Dead Adventurer","floor":12,"gold_loss":0},{"damage_healed":0,"gold_gain":0,"player_choice":"Left Gold","damage_taken":0,"max_hp_gain":0,"max_hp_loss":0,"event_name":"World of Goop","floor":13,"gold_loss":40}],"is_beta":false,"boss_relics":[],"items_purged_floors":[5],"is_endless":false,"potions_floor_spawned":[6,8,14],"killed_by":"The Guardian","ascension_level":12}