{"gold_per_floor":[116,133,146,421,431,457,178,128,128,155,155,230,230,243,243,339,339,339,294,4,4,4,4,4,4,4,4,4,4,4,4,4,4,4,4,4,4,4,4,4,4,4,4,4,4,4,4,4,4,4,4,4,4,4,4],"floor_reached":55,"playtime":4420,"items_purged":["Regret","Heavy Blade+1"],"score":799,"play_id":"d727800e-5b6c-453d-9646-b0ba95a80ada","local_time":"20190125164717","is_ascension_mode":false,"campfire_choices":[{"data":"Enlightenment","floor":11,"key":"SMITH"},{"data":"Bloodletting","floor":13,"key":"SMITH"},{"data":"Bash","floor":15,"key":"SMITH"},{"floor":25,"key":"RECALL"},{"data":"Apotheosis","floor":27,"key":"SMITH"},{"floor":32,"key":"REST"},{"floor":46,"key":"REST"},{"floor":49,"key":"REST"},{"floor":52,"key":"REST"}],"neow_cost":"NONE","seed_source_timestamp":674642596559214,"circlet_count":0,"master_deck":["Defend_R","Defend_R","Defend_R","Defend_R","Bash+1","Intimidate","Ghostly Armor","Infernal Blade","Bloodletting+1","Sever Soul","Enlightenment+1","Blood for Blood+1","Barricade","Clash+1","Apotheosis+1","Flame Barrier","Pummel+1","Clash","Bite","Bite","Bite","Bite","Bite","Burning Pact","Madness","Inflame","Limit Break","Burning Pact","Power Through","Havoc","Ghostly Armor+1","Dual Wield","Headbutt+1","Sever Soul","Flex+1","Battle Trance+1","True Grit+1"],"relics":["Burning Blood","Tiny Chest","Matryoshka","Juzu Bracelet","Anchor","Ectoplasm","Whetstone","Potion Belt","Red Skull","Fusion Hammer","Ancient Tea Set","Omamori","Bag of Preparation","Oddly Smooth Stone","Centennial Puzzle","Happy Flower"],"potions_floor_usage":[6,16,22,40,40,48,55,55],"damage_taken":[{"damage":6,"enemies":"2 Louse","floor":1,"turns":3},{"damage":5,"enemies":"Cultist","floor":2,"turns":4},{"damage":1,"enemies":"Small Slimes","floor":3,"turns":5},{"damage":10,"enemies":"Exordium Wildlife","floor":5,"turns":5},{"damage":9,"enemies":"3 Sentries","floor":6,"turns":5},{"damage":0,"enemies":"Looter","floor":14,"turns":5},{"damage":72,"enemies":"The Guardian","floor":16,"turns":13},{"damage":33,"enemies":"Spheric Guardian","floor":18,"turns":6},{"damage":13,"enemies":"2 Thieves","floor":19,"turns":4},{"damage":5,"enemies":"Centurion and Healer","floor":21,"turns":6},{"damage":10,"enemies":"Chosen and Byrds","floor":22,"turns":6},{"damage":14,"enemies":"Gremlin Leader","floor":23,"turns":11},{"damage":21,"enemies":"Slavers","floor":29,"turns":5},{"damage":5,"enemies":"Sentry and Sphere","floor":31,"turns":5},{"damage":55,"enemies":"Champ","floor":33,"turns":14},{"damage":6,"enemies":"3 Shapes","floor":35,"turns":10},{"damage":0,"enemies":"Orb Walker","floor":36,"turns":2},{"damage":13,"enemies":"Writhing Mass","floor":38,"turns":8},{"damage":48,"enemies":"Sphere and 2 Shapes","floor":39,"turns":6},{"damage":10,"enemies":"Reptomancer","floor":40,"turns":7},{"damage":47,"enemies":"Spire Growth","floor":41,"turns":6},{"damage":8,"enemies":"Giant Head","floor":42,"turns":7},{"damage":58,"enemies":"Reptomancer","floor":45,"turns":8},{"damage":3,"enemies":"4 Shapes","floor":47,"turns":5},{"damage":0,"enemies":"3 Darklings","floor":48,"turns":7},{"damage":86,"enemies":"Time Eater","floor":50,"turns":11},{"damage":80,"enemies":"Shield and Spear","floor":54,"turns":7},{"damage":56,"enemies":"The Heart","floor":55,"turns":3}],"seed_played":"-3086467118740423922","potions_obtained":[{"floor":1,"key":"GamblersBrew"},{"floor":2,"key":"Ancient Potion"},{"floor":3,"key":"Regen Potion"},{"floor":16,"key":"SpeedPotion"},{"floor":22,"key":"Energy Potion"},{"floor":23,"key":"Dexterity Potion"},{"floor":31,"key":"Explosive Potion"},{"floor":33,"key":"Explosive Potion"},{"floor":39,"key":"SteroidPotion"},{"floor":40,"key":"Poison Potion"},{"floor":42,"key":"Ancient Potion"},{"floor":45,"key":"Energy Potion"},{"floor":54,"key":"SkillPotion"}],"is_trial":false,"path_per_floor":["M","M","M","?","M","E","$","?","T","T","R","?","R","M","R","B",null,"M","M","$","M","M","E","?","R","T","R","?","E","?","M","R","B",null,"M","M","T","M","M","E","M","E","T","?","E","R","M","M","R","B",null,"R","$","E","B"],"character_chosen":"IRONCLAD","items_purchased":["Tiny Chest","Enlightenment","Apotheosis"],"campfire_rested":4,"item_purchase_floors":[7,7,20],"current_hp_per_floor":[88,88,88,88,84,81,81,81,81,81,81,70,70,78,78,14,88,61,56,56,59,57,51,51,51,51,51,51,51,35,50,76,66,88,88,88,88,88,57,70,36,43,43,77,31,54,67,77,77,17,77,77,77,21,0],"gold":4,"neow_bonus":"TEN_PERCENT_HP_BONUS","is_prod":false,"is_daily":false,"chose_seed":false,"campfire_upgraded":4,"win_rate":0,"timestamp":1548452837,"path_taken":["M","M","M","?","?","E","$","?","T","?","R","?","R","M","R","BOSS","M","M","$","M","M","E","?","R","T","R","?","E","?","M","R","BOSS","M","M","?","M","M","E","M","E","T","?","E","R","M","M","R","BOSS","R","$","E","BOSS"],"build_version":"2019-01-23","purchased_purges":2,"victory":false,"max_hp_per_floor":[88,88,88,88,88,88,88,88,88,88,88,88,88,88,88,88,88,88,88,88,88,88,88,88,88,88,88,88,88,88,88,88,88,88,88,88,88,88,88,88,88,88,88,77,77,77,77,77,77,77,77,77,77,77,77],"card_choices":[{"not_picked":["Evolve","Flex"],"picked":"Intimidate","floor":1},{"not_picked":["Evolve","Reckless Charge"],"picked":"Ghostly Armor","floor":2},{"not_picked":["Feel No Pain","Metallicize"],"picked":"Infernal Blade","floor":3},{"not_picked":["Infernal Blade","Spot Weakness"],"picked":"Bloodletting","floor":5},{"not_picked":["Thunderclap","Pommel Strike"],"picked":"Sever Soul","floor":6},{"not_picked":["Carnage","Uppercut"],"picked":"Blood for Blood","floor":14},{"not_picked":["Offering","Brutality"],"picked":"Barricade","floor":16},{"not_picked":["Bloodletting","Wild Strike"],"picked":"Clash","floor":18},{"not_picked":["Thunderclap","Wild Strike"],"picked":"Heavy Blade+1","floor":19},{"not_picked":["Sword Boomerang","Shockwave"],"picked":"Flame Barrier","floor":21},{"not_picked":["Wild Strike","Sword Boomerang"],"picked":"Pummel+1","floor":22},{"not_picked":["Feel No Pain","Whirlwind"],"picked":"Clash","floor":23},{"not_picked":["Armaments","Clothesline"],"picked":"Burning Pact","floor":29},{"not_picked":["Headbutt+1","True Grit"],"picked":"Inflame","floor":31},{"not_picked":["Brutality","Exhume"],"picked":"Limit Break","floor":33},{"not_picked":["Feel No Pain","Reckless Charge"],"picked":"Burning Pact","floor":35},{"not_picked":["Wild Strike+1","Body Slam"],"picked":"Power Through","floor":36},{"not_picked":["True Grit","Wild Strike+1"],"picked":"Havoc","floor":38},{"not_picked":["Flex","Dark Embrace"],"picked":"Ghostly Armor+1","floor":39},{"not_picked":["Twin Strike","Reckless Charge+1"],"picked":"Dual Wield","floor":40},{"not_picked":["Pommel Strike","True Grit+1"],"picked":"Headbutt+1","floor":41},{"not_picked":["Body Slam+1","Dual Wield+1"],"picked":"Sever Soul","floor":42},{"not_picked":["Searing Blow+1","Havoc+1"],"picked":"Flex+1","floor":45},{"not_picked":["Headbutt","Bludgeon","Twin Strike"],"picked":"SKIP","floor":47},{"not_picked":["Clothesline+1","Pummel+1"],"picked":"Battle Trance+1","floor":48},{"not_picked":["Fiend Fire","Body Slam"],"picked":"True Grit+1","floor":54}],"player_experience":749887,"relics_obtained":[{"floor":6,"key":"Blood Vial"},{"floor":9,"key":"Matryoshka"},{"floor":10,"key":"Juzu Bracelet"},{"floor":10,"key":"Anchor"},{"floor":23,"key":"Whetstone"},{"floor":26,"key":"Potion Belt"},{"floor":29,"key":"Red Skull"},{"floor":37,"key":"Ancient Tea Set"},{"floor":40,"key":"Omamori"},{"floor":42,"key":"Bag of Preparation"},{"floor":43,"key":"Oddly Smooth Stone"},{"floor":45,"key":"Centennial Puzzle"},{"floor":54,"key":"Happy Flower"}],"event_choices":[{"damage_healed":0,"gold_gain":275,"player_choice":"Desecrate","damage_taken":0,"max_hp_gain":0,"max_hp_loss":0,"event_name":"Golden Shrine","floor":4,"gold_loss":0,"cards_obtained":["Regret"]},{"cards_removed":["Strike_R"],"damage_healed":0,"gold_gain":0,"player_choice":"Card Removal","damage_taken":0,"max_hp_gain":0,"max_hp_loss":0,"event_name":"The Cleric","floor":8,"gold_loss":50},{"damage_healed":0,"gold_gain":75,"player_choice":"Gather Gold","damage_taken":11,"max_hp_gain":0,"max_hp_loss":0,"event_name":"World of Goop","floor":12,"gold_loss":0},{"cards_removed":["Strike_R"],"damage_healed":0,"gold_gain":0,"player_choice":"Elegance","damage_taken":0,"max_hp_gain":0,"max_hp_loss":0,"event_name":"Back to Basics","floor":24,"gold_loss":0},{"damage_healed":0,"gold_gain":0,"player_choice":"Became a vampire (Vial)","damage_taken":0,"max_hp_gain":0,"max_hp_loss":0,"event_name":"Vampires","floor":28,"relics_lost":["Blood Vial"],"gold_loss":0,"cards_obtained":["Bite","Bite","Bite","Bite","Bite"]},{"damage_healed":0,"gold_gain":0,"player_choice":"CARD ","damage_taken":16,"max_hp_gain":0,"max_hp_loss":0,"event_name":"Knowing Skull","floor":30,"potions_obtained":[],"gold_loss":0,"cards_obtained":["Madness"]},{"damage_healed":77,"gold_gain":0,"player_choice":"Heal","damage_taken":0,"max_hp_gain":0,"max_hp_loss":11,"event_name":"The Moai Head","floor":44,"gold_loss":0}],"is_beta":false,"boss_relics":[{"not_picked":["Runic Dome","White Beast Statue"],"picked":"Ectoplasm"},{"not_picked":["Sozu","Tiny House"],"picked":"Fusion Hammer"}],"items_purged_floors":[7,20],"is_endless":false,"potions_floor_spawned":[1,2,3,16,22,23,31,33,35,39,40,42,45,54],"killed_by":"The Heart","ascension_level":0}