{"gold_per_floor":[109,109,109,59,73,129,99,131,182,182,28,38,51,62,62,166,166,177,191,191],"floor_reached":20,"playtime":3545,"items_purged":[],"score":294,"play_id":"6653f30e-93ea-47ba-ba34-0461226d6149","local_time":"20190209154208","is_ascension_mode":true,"campfire_choices":[{"floor":10,"key":"REST"},{"data":"Armaments","floor":15,"key":"SMITH"}],"neow_cost":"NONE","seed_source_timestamp":326357813925392,"circlet_count":0,"master_deck":["AscendersBane","Strike_R","Strike_R","Strike_R+1","Defend_R","Defend_R","Defend_R","Defend_R","Bash+1","Heavy Blade","Shrug It Off","Juggernaut","Inflame","Heavy Blade","Armaments+1","Limit Break","Regret","Decay","Doubt","Dual Wield"],"relics":["Velvet Choker","Tiny Chest","Singing Bowl","Boot","Vajra","Calling Bell","Bag of Preparation","Darkstone Periapt","Gambling Chip"],"potions_floor_usage":[6,7,8,19],"damage_taken":[{"damage":3,"enemies":"2 Louse","floor":1,"turns":3},{"damage":2,"enemies":"Small Slimes","floor":5,"turns":4},{"damage":13,"enemies":"3 Sentries","floor":6,"turns":6},{"damage":22,"enemies":"Lagavulin","floor":8,"turns":4},{"damage":0,"enemies":"Cultist","floor":12,"turns":3},{"damage":0,"enemies":"2 Fungi Beasts","floor":13,"turns":4},{"damage":6,"enemies":"Looter","floor":14,"turns":3},{"damage":5,"enemies":"Slime Boss","floor":16,"turns":9},{"damage":24,"enemies":"3 Byrds","floor":18,"turns":5},{"damage":11,"enemies":"Chosen","floor":19,"turns":6},{"damage":52,"enemies":"Masked Bandits","floor":20,"turns":5}],"seed_played":"-7829694641004379995","potions_obtained":[{"floor":5,"key":"PowerPotion"},{"floor":7,"key":"Fruit Juice"},{"floor":7,"key":"SteroidPotion"},{"floor":8,"key":"FearPotion"},{"floor":12,"key":"EssenceOfSteel"},{"floor":18,"key":"Fire Potion"}],"is_trial":false,"path_per_floor":["M","?","?","?","M","E","?","E","T","R","$","M","M","M","R","B",null,"M","M","?"],"character_chosen":"IRONCLAD","items_purchased":["Vajra"],"campfire_rested":1,"item_purchase_floors":[11],"current_hp_per_floor":[69,53,46,46,44,31,36,16,16,42,42,42,42,36,36,31,73,51,40,0],"gold":191,"neow_bonus":"BOSS_RELIC","is_prod":false,"is_daily":false,"chose_seed":false,"campfire_upgraded":1,"win_rate":0,"timestamp":1549744928,"path_taken":["M","?","?","?","M","E","?","E","T","R","$","M","M","M","R","BOSS","M","?","?"],"build_version":"2019-01-23","purchased_purges":0,"victory":false,"max_hp_per_floor":[80,80,80,80,80,80,85,87,87,87,87,87,87,87,87,87,87,89,89,89],"card_choices":[{"not_picked":["Iron Wave","Headbutt"],"picked":"Heavy Blade","floor":1},{"not_picked":["Hemokinesis","Havoc"],"picked":"Shrug It Off","floor":5},{"not_picked":["Headbutt","Combust"],"picked":"Juggernaut","floor":6},{"not_picked":["Clash","Anger","Rage"],"picked":"Singing Bowl","floor":8},{"not_picked":["Twin Strike","Sword Boomerang"],"picked":"Inflame","floor":12},{"not_picked":["Armaments","Thunderclap"],"picked":"Heavy Blade","floor":13},{"not_picked":["Pommel Strike","Wild Strike"],"picked":"Armaments","floor":14},{"not_picked":["Brutality","Dark Embrace"],"picked":"Limit Break","floor":16},{"not_picked":["Havoc","Second Wind","Sever Soul"],"picked":"Singing Bowl","floor":18},{"not_picked":["Reckless Charge","Headbutt"],"picked":"Dual Wield","floor":19}],"player_experience":788832,"relics_obtained":[{"floor":6,"key":"Tiny Chest"},{"floor":8,"key":"Singing Bowl"},{"floor":9,"key":"Boot"},{"floor":17,"key":"Bag of Preparation"},{"floor":17,"key":"Darkstone Periapt"},{"floor":17,"key":"Gambling Chip"}],"event_choices":[{"damage_healed":0,"gold_gain":0,"player_choice":"Entered Light","damage_taken":16,"max_hp_gain":0,"max_hp_loss":0,"event_name":"Shining Light","floor":2,"gold_loss":0,"cards_upgraded":["Strike_R","Bash"]},{"cards_removed":["Strike_R"],"damage_healed":0,"gold_gain":0,"player_choice":"Card Removal","damage_taken":7,"max_hp_gain":0,"max_hp_loss":0,"event_name":"Golden Wing","floor":3,"gold_loss":0},{"cards_removed":["Strike_R"],"damage_healed":0,"gold_gain":0,"player_choice":"Card Removal","damage_taken":0,"max_hp_gain":0,"max_hp_loss":0,"event_name":"The Cleric","floor":4,"gold_loss":50},{"damage_healed":0,"gold_gain":0,"player_choice":"Bought 2 Potions","damage_taken":0,"max_hp_gain":0,"max_hp_loss":0,"event_name":"The Woman in Blue","floor":7,"gold_loss":0},{"damage_healed":0,"gold_gain":0,"player_choice":"Fought Bandits","damage_taken":0,"max_hp_gain":0,"max_hp_loss":0,"event_name":"Masked Bandits","floor":20,"gold_loss":0}],"is_beta":false,"boss_relics":[{"not_picked":["Eternal Feather","Runic Pyramid"],"picked":"Calling Bell"}],"items_purged_floors":[],"is_endless":false,"potions_floor_spawned":[5,8,12,18],"killed_by":"Masked Bandits","ascension_level":12}