{"gold_per_floor":[126,165,252,274,286,298,310,351,388,400,587,610,269,281,281,381,381,397,252,252,263,363,363],"floor_reached":23,"playtime":699,"items_purged":["Strike_R"],"score":479,"play_id":"8292a38f-b5d3-4b05-8cfc-d51de55b973d","local_time":"20190213220201","is_ascension_mode":true,"campfire_choices":[{"data":"True Grit","floor":6,"key":"SMITH"},{"floor":10,"key":"REST"},{"data":"Limit Break","floor":15,"key":"SMITH"}],"neow_cost":"NONE","seed_source_timestamp":93796527664914,"circlet_count":0,"master_deck":["AscendersBane","Strike_R+1","Strike_R","Strike_R+1","Strike_R","Defend_R","Defend_R","Defend_R","Defend_R","Bash","Writhe","Clumsy","Normality","True Grit+1","Twin Strike","Regret","Limit Break+1","Doubt","Havoc","Sever Soul","Warcry","Limit Break","True Grit","Infernal Blade","Combust","Power Through","Battle Trance","Shrug It Off","Spot Weakness","Disarm","Ghostly Armor","Dropkick"],"relics":["Calling Bell","MawBank","Question Card","Du-Vu Doll","Oddly Smooth Stone","Gambling Chip","Regal Pillow","Whetstone","Pen Nib","Sling","Orrery","Bird Faced Urn","Pantograph"],"potions_floor_usage":[23],"damage_taken":[{"damage":1,"enemies":"Cultist","floor":1,"turns":3},{"damage":7,"enemies":"2 Louse","floor":4,"turns":2},{"damage":10,"enemies":"3 Sentries","floor":8,"turns":6},{"damage":6,"enemies":"Small Slimes","floor":12,"turns":2},{"damage":0,"enemies":"3 Louse","floor":14,"turns":3},{"damage":2,"enemies":"Slime Boss","floor":16,"turns":5},{"damage":1,"enemies":"Chosen","floor":18,"turns":4},{"damage":7,"enemies":"Shell Parasite","floor":21,"turns":4},{"damage":48,"enemies":"Colosseum Slavers","floor":22,"turns":5},{"damage":16,"enemies":"Colosseum Nobs","floor":22,"turns":4},{"damage":8,"enemies":"Slavers","floor":23,"turns":1}],"seed_played":"-1574794107256317336","potions_obtained":[{"floor":4,"key":"Strength Potion"},{"floor":14,"key":"Poison Potion"}],"is_trial":false,"path_per_floor":["M","T","?","M","?","R","?","E","T","R","?","M","$","M","R","B",null,"M","$","?","M","?","E"],"character_chosen":"IRONCLAD","items_purchased":["Sling","Sever Soul","Spot Weakness","Disarm"],"campfire_rested":1,"item_purchase_floors":[13,13,19,19],"current_hp_per_floor":[71,71,60,53,53,53,35,25,25,64,64,58,58,58,58,56,74,73,73,73,66,2,0],"gold":363,"neow_bonus":"BOSS_RELIC","is_prod":false,"is_daily":false,"chose_seed":false,"campfire_upgraded":2,"win_rate":0,"timestamp":1550113321,"path_taken":["M","?","?","M","?","R","?","E","T","R","?","M","$","M","R","BOSS","M","$","?","M","?","E"],"build_version":"2019-01-23","purchased_purges":1,"victory":false,"max_hp_per_floor":[80,80,80,80,80,80,80,80,80,80,80,80,80,80,80,80,80,80,80,80,80,80,80],"card_choices":[{"not_picked":["Anger","Brutality","Warcry"],"picked":"True Grit","floor":1},{"not_picked":["Clash","Anger","Armaments"],"picked":"Twin Strike","floor":4},{"not_picked":["Shockwave","Shrug It Off","Cleave"],"picked":"Limit Break","floor":8},{"not_picked":["Clash","Intimidate","Battle Trance"],"picked":"Havoc","floor":12},{"not_picked":["Clash","Sever Soul","Rupture"],"picked":"Warcry","floor":14},{"not_picked":["Reaper","Juggernaut","Dark Embrace"],"picked":"Limit Break","floor":16},{"not_picked":["Wild Strike","Twin Strike","Iron Wave"],"picked":"True Grit","floor":17},{"not_picked":["Dual Wield","Corruption","Blood for Blood"],"picked":"Infernal Blade","floor":17},{"not_picked":["Clothesline","Thunderclap","Rampage"],"picked":"Combust","floor":17},{"not_picked":["Clash","Thunderclap","Body Slam"],"picked":"Power Through","floor":17},{"not_picked":["Seeing Red","Evolve","Blood for Blood"],"picked":"Battle Trance","floor":17},{"not_picked":["Iron Wave","Rage","Twin Strike"],"picked":"Shrug It Off","floor":18},{"not_picked":["Intimidate","Dual Wield","Feel No Pain"],"picked":"Ghostly Armor","floor":21},{"not_picked":["Sever Soul","Cleave","Clash"],"picked":"Dropkick","floor":22}],"player_experience":800820,"relics_obtained":[{"floor":0,"key":"MawBank"},{"floor":0,"key":"Question Card"},{"floor":0,"key":"Du-Vu Doll"},{"floor":2,"key":"Oddly Smooth Stone"},{"floor":8,"key":"Whetstone"},{"floor":9,"key":"Pen Nib"},{"floor":22,"key":"Bird Faced Urn"},{"floor":22,"key":"Pantograph"}],"event_choices":[{"damage_healed":0,"gold_gain":75,"player_choice":"Gather Gold","damage_taken":11,"max_hp_gain":0,"max_hp_loss":0,"event_name":"World of Goop","floor":3,"gold_loss":0},{"damage_healed":0,"gold_gain":0,"player_choice":"Box","damage_taken":0,"relics_obtained":["Gambling Chip"],"max_hp_gain":0,"max_hp_loss":0,"event_name":"Big Fish","floor":5,"gold_loss":0,"cards_obtained":["Regret"]},{"damage_healed":0,"gold_gain":0,"player_choice":"Success","damage_taken":18,"relics_obtained":["Regal Pillow"],"max_hp_gain":0,"max_hp_loss":0,"event_name":"Scrap Ooze","floor":7,"gold_loss":0},{"damage_healed":0,"gold_gain":175,"player_choice":"AGREE","damage_taken":0,"max_hp_gain":0,"max_hp_loss":0,"event_name":"Liars Game","floor":11,"gold_loss":0,"cards_obtained":["Doubt"]},{"damage_healed":0,"gold_gain":0,"player_choice":"Ignored","damage_taken":0,"max_hp_gain":0,"max_hp_loss":0,"event_name":"Ghosts","floor":20,"gold_loss":0},{"damage_healed":0,"gold_gain":0,"player_choice":"Fight","damage_taken":0,"max_hp_gain":0,"max_hp_loss":0,"event_name":"Colosseum","floor":22,"gold_loss":0},{"damage_healed":0,"gold_gain":0,"player_choice":"Fought Nobs","damage_taken":0,"max_hp_gain":0,"max_hp_loss":0,"event_name":"Colosseum","floor":22,"gold_loss":0}],"is_beta":false,"boss_relics":[{"not_picked":["Astrolabe","Pandora\u0027s Box"],"picked":"Orrery"}],"items_purged_floors":[13],"is_endless":false,"potions_floor_spawned":[4,14,18,22],"killed_by":"Slavers","ascension_level":12}