{"gold_per_floor":[116,191,221,231,231,231,244,49,102,134,134,167,181,208,208,303,303,316,125,125,50,60,91,91],"floor_reached":24,"playtime":758,"items_purged":["Strike_R"],"score":371,"play_id":"f337d277-ada5-478a-b0a5-f13dd6154f26","local_time":"20190213140604","is_ascension_mode":true,"campfire_choices":[{"data":"Inflame","floor":6,"key":"SMITH"},{"data":"Flex","floor":15,"key":"SMITH"}],"neow_cost":"NONE","seed_source_timestamp":65177544668037,"circlet_count":0,"master_deck":["AscendersBane","Strike_R+1","Strike_R","Strike_R+1","Strike_R+1","Defend_R","Defend_R","Defend_R","Defend_R","Bash","Inflame+1","Flex+1","Twin Strike+1","Flex","Uppercut","Cleave","Shrug It Off","Limit Break","Flex","Whirlwind","Inflame","Sadistic Nature","Heavy Blade"],"relics":["Burning Blood","Bronze Scales","Tiny Chest","ClockworkSouvenir","Whetstone","Sundial","Boot","Mercury Hourglass","Orrery","Blood Vial"],"potions_floor_usage":[10,12,23,24],"damage_taken":[{"damage":3,"enemies":"Small Slimes","floor":1,"turns":4},{"damage":4,"enemies":"Jaw Worm","floor":4,"turns":4},{"damage":0,"enemies":"2 Louse","floor":7,"turns":3},{"damage":10,"enemies":"Lagavulin","floor":10,"turns":5},{"damage":20,"enemies":"3 Sentries","floor":12,"turns":5},{"damage":10,"enemies":"Red Slaver","floor":13,"turns":2},{"damage":18,"enemies":"Gremlin Nob","floor":14,"turns":4},{"damage":20,"enemies":"The Guardian","floor":16,"turns":8},{"damage":7,"enemies":"3 Byrds","floor":18,"turns":2},{"damage":29,"enemies":"Spheric Guardian","floor":22,"turns":5},{"damage":30,"enemies":"Slavers","floor":23,"turns":3},{"damage":30,"enemies":"Snake Plant","floor":24,"turns":2}],"seed_played":"-1488122103963864268","potions_obtained":[{"floor":1,"key":"AttackPotion"},{"floor":7,"key":"Fire Potion"},{"floor":10,"key":"Swift Potion"},{"floor":18,"key":"SteroidPotion"}],"is_trial":false,"path_per_floor":["M","?","?","M","?","R","M","$","T","E","?","E","M","E","R","B",null,"M","$","?","$","M","E","M"],"character_chosen":"IRONCLAD","items_purchased":["ClockworkSouvenir","Sadistic Nature"],"campfire_rested":0,"item_purchase_floors":[8,19],"current_hp_per_floor":[75,64,52,54,38,38,44,44,44,40,80,66,62,50,50,36,69,68,68,68,68,45,21,0],"gold":91,"neow_bonus":"RANDOM_COMMON_RELIC","is_prod":false,"is_daily":false,"chose_seed":false,"campfire_upgraded":2,"win_rate":0,"timestamp":1550084764,"path_taken":["M","?","?","M","?","R","M","$","T","E","?","E","?","E","R","BOSS","M","$","?","?","M","E","M"],"build_version":"2019-01-23","purchased_purges":1,"victory":false,"max_hp_per_floor":[80,80,80,80,80,80,80,80,80,80,80,80,80,80,80,80,80,80,80,80,80,80,80,80],"card_choices":[{"not_picked":["True Grit","Bloodletting"],"picked":"Inflame","floor":1},{"not_picked":["Wild Strike","Iron Wave"],"picked":"Flex","floor":4},{"not_picked":["Rupture","Evolve"],"picked":"Twin Strike","floor":7},{"not_picked":["Anger","Shockwave"],"picked":"Flex","floor":10},{"not_picked":["Fiend Fire","Flame Barrier"],"picked":"Uppercut","floor":12},{"not_picked":["Twin Strike","Burning Pact"],"picked":"Cleave","floor":13},{"not_picked":["Combust","Iron Wave"],"picked":"Shrug It Off","floor":14},{"not_picked":["Bludgeon","Double Tap"],"picked":"Limit Break","floor":16},{"not_picked":["Corruption","Iron Wave"],"picked":"Flex","floor":17},{"not_picked":["Uppercut","Corruption"],"picked":"Whirlwind","floor":17},{"not_picked":["Anger","Hemokinesis"],"picked":"Inflame","floor":18},{"not_picked":["Pommel Strike","Reaper","Sever Soul"],"picked":"SKIP","floor":22},{"not_picked":["Warcry","Clothesline"],"picked":"Heavy Blade","floor":23}],"player_experience":800062,"relics_obtained":[{"floor":9,"key":"Whetstone"},{"floor":10,"key":"Sundial"},{"floor":12,"key":"Boot"},{"floor":14,"key":"Mercury Hourglass"},{"floor":23,"key":"Blood Vial"}],"event_choices":[{"damage_healed":0,"gold_gain":75,"player_choice":"Gather Gold","damage_taken":11,"max_hp_gain":0,"max_hp_loss":0,"event_name":"World of Goop","floor":2,"gold_loss":0},{"damage_healed":0,"gold_gain":0,"player_choice":"Success","damage_taken":12,"relics_obtained":["Tiny Chest"],"max_hp_gain":0,"max_hp_loss":0,"event_name":"Scrap Ooze","floor":3,"gold_loss":0},{"damage_healed":0,"gold_gain":0,"player_choice":"Entered Light","damage_taken":16,"max_hp_gain":0,"max_hp_loss":0,"event_name":"Shining Light","floor":5,"gold_loss":0,"cards_upgraded":["Strike_R","Strike_R"]},{"damage_healed":40,"gold_gain":0,"player_choice":"Full Heal","damage_taken":0,"max_hp_gain":0,"max_hp_loss":0,"event_name":"Wheel of Change","floor":11,"gold_loss":0},{"damage_healed":0,"gold_gain":0,"player_choice":"Got Potions","damage_taken":0,"max_hp_gain":0,"max_hp_loss":0,"event_name":"Lab","floor":20,"gold_loss":0}],"is_beta":false,"boss_relics":[{"not_picked":["Lizard Tail","Runic Cube"],"picked":"Orrery"}],"items_purged_floors":[21],"is_endless":false,"potions_floor_spawned":[1,7,10,18],"killed_by":"Snake Plant","ascension_level":12}