{"gold_per_floor":[116,134,134,146,146,146,146,146,172,22,22,22,45,61,61,184,184,203,8,8,24,123,123,123],"floor_reached":24,"playtime":893,"items_purged":["Injury"],"score":294,"play_id":"8ad30173-3c98-455f-8c6e-d3aac6f94e22","local_time":"20190212230454","is_ascension_mode":true,"campfire_choices":[{"data":"Searing Blow","floor":6,"key":"SMITH"},{"data":"Searing Blow+1","floor":8,"key":"SMITH"},{"data":"Searing Blow+2","floor":11,"key":"SMITH"},{"data":"Searing Blow+3","floor":15,"key":"SMITH"},{"data":"Searing Blow+4","floor":23,"key":"SMITH"}],"neow_cost":"NONE","seed_source_timestamp":10969757460054,"circlet_count":0,"master_deck":["AscendersBane","Bash","Searing Blow+5","Shrug It Off","True Grit","Thunderclap","Intimidate","Whirlwind","Flex","Feed","Offering","Metallicize","Burning Pact","Corruption","Warcry","Seeing Red","Entrench","Infernal Blade","Dark Embrace","Searing Blow"],"relics":["Orrery","Golden Idol","Regal Pillow","Pandora\u0027s Box","Membership Card","Kunai"],"potions_floor_usage":[24,24],"damage_taken":[{"damage":7,"enemies":"Jaw Worm","floor":1,"turns":4},{"damage":1,"enemies":"2 Louse","floor":2,"turns":2},{"damage":4,"enemies":"Cultist","floor":4,"turns":4},{"damage":6,"enemies":"Looter","floor":13,"turns":1},{"damage":1,"enemies":"3 Louse","floor":14,"turns":5},{"damage":27,"enemies":"Slime Boss","floor":16,"turns":10},{"damage":3,"enemies":"3 Byrds","floor":18,"turns":4},{"damage":31,"enemies":"2 Thieves","floor":21,"turns":4},{"damage":43,"enemies":"Slavers","floor":24,"turns":2}],"seed_played":"-2382188678228146362","potions_obtained":[{"floor":2,"key":"SpeedPotion"},{"floor":16,"key":"Dexterity Potion"}],"is_trial":false,"path_per_floor":["M","M","?","M","?","R","?","R","T","$","R","$","M","M","R","B",null,"M","$","T","M","?","R","E"],"character_chosen":"IRONCLAD","items_purchased":["Offering","Membership Card"],"campfire_rested":0,"item_purchase_floors":[10,19],"current_hp_per_floor":[65,64,57,53,53,53,53,53,53,53,53,53,47,49,49,25,71,68,68,68,37,37,37,0],"gold":123,"neow_bonus":"BOSS_RELIC","is_prod":false,"is_daily":false,"chose_seed":false,"campfire_upgraded":5,"win_rate":0,"timestamp":1550030694,"path_taken":["M","M","?","M","?","R","?","R","T","$","R","$","M","M","R","BOSS","M","$","?","M","?","R","E"],"build_version":"2019-01-23","purchased_purges":1,"victory":false,"max_hp_per_floor":[80,80,80,80,80,80,80,80,80,80,80,80,80,83,83,86,86,86,86,86,86,86,86,86],"card_choices":[{"not_picked":["Perfected Strike","Dual Wield"],"picked":"Searing Blow","floor":0},{"not_picked":["Fire Breathing","Sword Boomerang"],"picked":"Shrug It Off","floor":0},{"not_picked":["Fire Breathing","Body Slam"],"picked":"True Grit","floor":0},{"not_picked":["Rupture","Headbutt"],"picked":"Thunderclap","floor":0},{"not_picked":["Sword Boomerang","Evolve"],"picked":"Intimidate","floor":0},{"not_picked":["Perfected Strike","Headbutt"],"picked":"Whirlwind","floor":1},{"not_picked":["Clothesline","Power Through","Sentinel"],"picked":"SKIP","floor":2},{"not_picked":["Clash","True Grit"],"picked":"Flex","floor":4},{"not_picked":["Warcry","Anger"],"picked":"Metallicize","floor":13},{"not_picked":["Iron Wave","Corruption"],"picked":"Burning Pact","floor":14},{"not_picked":["Warcry","Twin Strike","Whirlwind"],"picked":"SKIP","floor":18},{"not_picked":["Clothesline","Cleave","Flame Barrier"],"picked":"SKIP","floor":21}],"player_experience":797827,"relics_obtained":[{"floor":9,"key":"Regal Pillow"},{"floor":20,"key":"Kunai"}],"event_choices":[{"cards_removed":["Strike_R"],"damage_healed":0,"gold_gain":0,"player_choice":"Card Removal","damage_taken":7,"max_hp_gain":0,"max_hp_loss":0,"event_name":"Golden Wing","floor":3,"gold_loss":0},{"damage_healed":0,"gold_gain":0,"player_choice":"Take Wound","damage_taken":0,"relics_obtained":["Golden Idol"],"max_hp_gain":0,"max_hp_loss":0,"event_name":"Golden Idol","floor":5,"gold_loss":0,"cards_obtained":["Injury"]},{"damage_healed":0,"gold_gain":0,"cards_transformed":["Strike_R"],"player_choice":"Transformed","damage_taken":0,"max_hp_gain":0,"max_hp_loss":0,"event_name":"Transmorgrifier","floor":7,"gold_loss":0,"cards_obtained":["Feed"]},{"damage_healed":0,"gold_gain":99,"player_choice":"Stole From Cult","damage_taken":0,"max_hp_gain":0,"max_hp_loss":0,"event_name":"Nest","floor":22,"gold_loss":0}],"is_beta":false,"boss_relics":[{"not_picked":["Empty Cage","Runic Dome"],"picked":"Pandora\u0027s Box"}],"items_purged_floors":[10],"is_endless":false,"potions_floor_spawned":[2,16,21],"killed_by":"Slavers","ascension_level":12}