{"gold_per_floor":[114,114,114,114,134,134,150,150,225,256,269,305,328,347,347,441,441,454,454,181,202,202,202],"floor_reached":23,"playtime":641,"items_purged":["Injury"],"score":332,"play_id":"7a90f4ae-5ff0-4e73-be94-fc9f35a74ad6","local_time":"20190222224721","is_ascension_mode":true,"campfire_choices":[{"data":"Perfected Strike","floor":6,"key":"SMITH"},{"data":"Demon Form","floor":8,"key":"SMITH"},{"floor":15,"key":"REST"}],"neow_cost":"NONE","seed_source_timestamp":21617762639414,"circlet_count":0,"master_deck":["AscendersBane","Strike_R+1","Strike_R","Strike_R","Strike_R","Strike_R","Defend_R","Defend_R","Defend_R","Defend_R","Bash","Perfected Strike+1","Pommel Strike","Demon Form+1","Demon Form","Heavy Blade+1","Infernal Blade","True Grit","Whirlwind","Reaper","Shockwave","Shrug It Off","Shrug It Off"],"relics":["Burning Blood","Juzu Bracelet","Golden Idol","Letter Opener","Matryoshka","Dream Catcher","Centennial Puzzle","Cursed Key","Whetstone"],"potions_floor_usage":[12,12,16,22,22],"damage_taken":[{"damage":9,"enemies":"Jaw Worm","floor":1,"turns":6},{"damage":0,"enemies":"Small Slimes","floor":5,"turns":3},{"damage":0,"enemies":"2 Louse","floor":7,"turns":3},{"damage":34,"enemies":"Gremlin Nob","floor":10,"turns":5},{"damage":27,"enemies":"Large Slime","floor":11,"turns":4},{"damage":35,"enemies":"Lagavulin","floor":12,"turns":5},{"damage":5,"enemies":"2 Fungi Beasts","floor":13,"turns":3},{"damage":4,"enemies":"Blue Slaver","floor":14,"turns":3},{"damage":32,"enemies":"Hexaghost","floor":16,"turns":9},{"damage":20,"enemies":"Spheric Guardian","floor":18,"turns":4},{"damage":22,"enemies":"Shell Parasite","floor":21,"turns":6},{"damage":18,"enemies":"Colosseum Slavers","floor":22,"turns":3},{"damage":53,"enemies":"Slavers","floor":23,"turns":3}],"seed_played":"-5545513018783952843","potions_obtained":[{"floor":7,"key":"Regen Potion"},{"floor":11,"key":"FearPotion"},{"floor":12,"key":"Energy Potion"},{"floor":14,"key":"SteroidPotion"},{"floor":18,"key":"Ancient Potion"}],"is_trial":false,"path_per_floor":["M","?","?","?","M","R","M","R","T","E","M","E","M","M","R","B",null,"M","?","$","M","?","E"],"character_chosen":"IRONCLAD","items_purchased":["Whetstone","Shrug It Off"],"campfire_rested":1,"item_purchase_floors":[20,20],"current_hp_per_floor":[69,69,69,69,75,75,80,80,80,52,31,16,17,19,43,17,64,50,50,50,34,34,0],"gold":202,"neow_bonus":"RANDOM_COMMON_RELIC","is_prod":false,"is_daily":false,"chose_seed":false,"campfire_upgraded":2,"win_rate":0,"timestamp":1550893641,"path_taken":["M","?","?","?","M","R","M","R","T","E","M","E","M","M","R","BOSS","M","?","$","M","?","E"],"build_version":"2019-01-23","purchased_purges":1,"victory":false,"max_hp_per_floor":[80,80,80,80,80,80,80,80,80,80,80,80,80,80,80,80,80,80,80,80,80,80,80],"card_choices":[{"not_picked":["Wild Strike","Sentinel"],"picked":"Perfected Strike","floor":1},{"not_picked":["Rupture","Headbutt"],"picked":"Pommel Strike","floor":5},{"not_picked":["Sentinel","Shrug It Off"],"picked":"Demon Form","floor":7},{"not_picked":["Power Through","Perfected Strike"],"picked":"Demon Form","floor":10},{"not_picked":["Iron Wave","Sentinel"],"picked":"Heavy Blade","floor":11},{"not_picked":["Pommel Strike","Perfected Strike"],"picked":"Infernal Blade","floor":12},{"not_picked":["Sword Boomerang","Wild Strike"],"picked":"True Grit","floor":13},{"not_picked":["Pommel Strike","Wild Strike"],"picked":"Whirlwind","floor":14},{"not_picked":["Demon Form","Dark Embrace"],"picked":"Reaper","floor":16},{"not_picked":["Carnage+1","Clothesline+1"],"picked":"Shockwave","floor":18},{"not_picked":["Pummel","Twin Strike"],"picked":"Shrug It Off","floor":21}],"player_experience":812434,"relics_obtained":[{"floor":9,"key":"Matryoshka"},{"floor":10,"key":"Dream Catcher"},{"floor":12,"key":"Centennial Puzzle"}],"event_choices":[{"damage_healed":0,"gold_gain":0,"player_choice":"Take Wound","damage_taken":0,"relics_obtained":["Golden Idol"],"max_hp_gain":0,"max_hp_loss":0,"event_name":"Golden Idol","floor":2,"gold_loss":0,"cards_obtained":["Injury"]},{"damage_healed":0,"gold_gain":0,"player_choice":"Box","damage_taken":0,"relics_obtained":["Letter Opener"],"max_hp_gain":0,"max_hp_loss":0,"event_name":"Big Fish","floor":3,"gold_loss":0,"cards_obtained":["Regret"]},{"cards_removed":["Regret"],"damage_healed":0,"gold_gain":0,"player_choice":"Forget","damage_taken":0,"max_hp_gain":0,"max_hp_loss":0,"event_name":"Living Wall","floor":4,"gold_loss":0},{"damage_healed":0,"gold_gain":0,"player_choice":"Ignored","damage_taken":0,"max_hp_gain":0,"max_hp_loss":0,"event_name":"Ghosts","floor":19,"gold_loss":0},{"damage_healed":0,"gold_gain":0,"player_choice":"Fight","damage_taken":0,"max_hp_gain":0,"max_hp_loss":0,"event_name":"Colosseum","floor":22,"gold_loss":0},{"damage_healed":0,"gold_gain":0,"player_choice":"Fled From Nobs","damage_taken":0,"max_hp_gain":0,"max_hp_loss":0,"event_name":"Colosseum","floor":22,"gold_loss":0}],"is_beta":false,"boss_relics":[{"not_picked":["Ectoplasm","Runic Dome"],"picked":"Cursed Key"}],"items_purged_floors":[20],"is_endless":false,"potions_floor_spawned":[7,11,12,14,18,22],"killed_by":"Slavers","ascension_level":13}