{"gold_per_floor":[112,112,126,301,319,319,102,138,162,162,186,186],"floor_reached":12,"playtime":448,"items_purged":["Doubt"],"score":129,"play_id":"67bd6061-53e7-4209-a24e-f17893366549","local_time":"20190224223238","is_ascension_mode":true,"campfire_choices":[{"data":"True Grit","floor":6,"key":"SMITH"},{"floor":10,"key":"REST"}],"neow_cost":"NONE","seed_source_timestamp":193732690461824,"circlet_count":0,"master_deck":["AscendersBane","Strike_R","Strike_R","Strike_R","Strike_R","Strike_R","Defend_R","Defend_R","Defend_R","Defend_R","Bash","Power Through","Injury","True Grit+1","Perfected Strike","Juggernaut","Limit Break","Uppercut"],"relics":["Black Star","Golden Idol","Lantern","Smiling Mask","Potion Belt"],"potions_floor_usage":[12],"damage_taken":[{"damage":6,"enemies":"Jaw Worm","floor":1,"turns":5},{"damage":0,"enemies":"Small Slimes","floor":3,"turns":4},{"damage":1,"enemies":"Cultist","floor":5,"turns":4},{"damage":55,"enemies":"3 Sentries","floor":8,"turns":9},{"damage":25,"enemies":"Exordium Thugs","floor":11,"turns":7},{"damage":13,"enemies":"3 Sentries","floor":12,"turns":4}],"seed_played":"-8349978930855691470","potions_obtained":[{"floor":5,"key":"SteroidPotion"},{"floor":8,"key":"EssenceOfSteel"}],"is_trial":false,"path_per_floor":["M","?","M","?","M","R","$","E","T","R","M","?"],"character_chosen":"IRONCLAD","items_purchased":["Juggernaut"],"campfire_rested":1,"item_purchase_floors":[7],"current_hp_per_floor":[66,66,66,66,65,65,65,10,10,34,9,0],"gold":186,"neow_bonus":"BOSS_RELIC","is_prod":false,"is_daily":false,"chose_seed":false,"campfire_upgraded":1,"win_rate":0,"timestamp":1551065558,"path_taken":["M","?","M","?","M","R","?","E","T","R","?","?"],"build_version":"2019-01-23","purchased_purges":1,"victory":false,"max_hp_per_floor":[80,80,80,80,80,80,80,80,80,80,80,80],"card_choices":[{"not_picked":["Warcry","Sentinel"],"picked":"Power Through","floor":1},{"not_picked":["Thunderclap","Combust"],"picked":"True Grit","floor":3},{"not_picked":["Iron Wave","Metallicize"],"picked":"Perfected Strike","floor":5},{"not_picked":["Sentinel","Pommel Strike"],"picked":"Limit Break","floor":8},{"not_picked":["Twin Strike","Warcry"],"picked":"Uppercut","floor":11}],"player_experience":814724,"relics_obtained":[{"floor":8,"key":"Lantern"},{"floor":8,"key":"Smiling Mask"},{"floor":9,"key":"Potion Belt"}],"event_choices":[{"damage_healed":0,"gold_gain":0,"player_choice":"Take Wound","damage_taken":0,"relics_obtained":["Golden Idol"],"max_hp_gain":0,"max_hp_loss":0,"event_name":"Golden Idol","floor":2,"gold_loss":0,"cards_obtained":["Injury"]},{"damage_healed":0,"gold_gain":175,"player_choice":"AGREE","damage_taken":0,"max_hp_gain":0,"max_hp_loss":0,"event_name":"Liars Game","floor":4,"gold_loss":0,"cards_obtained":["Doubt"]},{"damage_healed":0,"gold_gain":0,"player_choice":"Searched \u00271\u0027 times","damage_taken":0,"max_hp_gain":0,"max_hp_loss":0,"event_name":"Dead Adventurer","floor":12,"gold_loss":0}],"is_beta":false,"boss_relics":[],"items_purged_floors":[7],"is_endless":false,"potions_floor_spawned":[5,8],"killed_by":"3 Sentries","ascension_level":13}