{"gold_per_floor":[110,110,131,306,306,330,330,373,373,397,397,420,400,416,416,512,512,526,44,60,60],"floor_reached":21,"playtime":949,"items_purged":["Doubt"],"score":324,"play_id":"5bc70275-3005-4613-947b-2d8ce21f7b04","local_time":"20190224174334","is_ascension_mode":true,"campfire_choices":[{"data":"Flex","floor":7,"key":"SMITH"},{"floor":11,"key":"REST"},{"floor":15,"key":"REST"}],"neow_cost":"TEN_PERCENT_HP_LOSS","seed_source_timestamp":175890181410234,"circlet_count":0,"master_deck":["AscendersBane","Strike_R","Strike_R","Strike_R","Strike_R","Strike_R","Defend_R+1","Defend_R","Defend_R","Defend_R","Bash","Limit Break+1","Flex+1","Injury","True Grit","Clash","Feed","Cleave","Flex+1","Infernal Blade+1","Barricade","Flex+1","Heavy Blade","Flex+1","Ghostly Armor+1","Battle Trance+1","Infernal Blade+1","Rupture","Disarm+1"],"relics":["Burning Blood","Golden Idol","Sundial","Toxic Egg 2","Orrery","Sling","Strawberry"],"potions_floor_usage":[10,14,16,16],"damage_taken":[{"damage":0,"enemies":"Small Slimes","floor":1,"turns":3},{"damage":9,"enemies":"2 Louse","floor":3,"turns":3},{"damage":7,"enemies":"Cultist","floor":6,"turns":5},{"damage":44,"enemies":"Lagavulin","floor":8,"turns":9},{"damage":12,"enemies":"Exordium Wildlife","floor":10,"turns":5},{"damage":20,"enemies":"3 Louse","floor":12,"turns":3},{"damage":8,"enemies":"Blue Slaver","floor":14,"turns":3},{"damage":32,"enemies":"Slime Boss","floor":16,"turns":11},{"damage":38,"enemies":"Spheric Guardian","floor":18,"turns":6},{"damage":20,"enemies":"2 Thieves","floor":20,"turns":3},{"damage":34,"enemies":"Snecko","floor":21,"turns":4}],"seed_played":"1722033996365852036","potions_obtained":[{"floor":6,"key":"Ancient Potion"},{"floor":12,"key":"Explosive Potion"},{"floor":13,"key":"GamblersBrew"},{"floor":14,"key":"Weak Potion"}],"is_trial":false,"path_per_floor":["M","?","M","?","?","M","R","E","T","M","R","M","?","M","R","B",null,"M","$","M","M"],"character_chosen":"IRONCLAD","items_purchased":["Sling","Rupture","Strawberry"],"campfire_rested":2,"item_purchase_floors":[19,19,19],"current_hp_per_floor":[72,72,69,69,55,54,54,16,16,13,35,24,24,25,49,26,70,41,48,34,0],"gold":60,"neow_bonus":"THREE_RARE_CARDS","is_prod":false,"is_daily":false,"chose_seed":false,"campfire_upgraded":1,"win_rate":0,"timestamp":1551048214,"path_taken":["M","?","M","?","?","M","R","E","T","M","R","M","?","M","R","BOSS","M","$","M","M"],"build_version":"2019-01-23","purchased_purges":1,"victory":false,"max_hp_per_floor":[72,72,72,72,72,72,72,72,72,75,75,78,78,81,81,84,84,87,94,94,94],"card_choices":[{"not_picked":["Demon Form","Bludgeon"],"picked":"Limit Break","floor":0},{"not_picked":["Iron Wave","Blood for Blood"],"picked":"Flex","floor":1},{"not_picked":["Burning Pact","Warcry"],"picked":"True Grit","floor":3},{"not_picked":["Anger","Entrench"],"picked":"Clash","floor":6},{"not_picked":["Evolve","Clothesline"],"picked":"Feed","floor":8},{"not_picked":["Sever Soul","Warcry+1"],"picked":"Cleave","floor":10},{"not_picked":["Blood for Blood","Reaper"],"picked":"Flex+1","floor":12},{"not_picked":["Headbutt","True Grit+1"],"picked":"Infernal Blade+1","floor":14},{"not_picked":["Juggernaut","Immolate"],"picked":"Barricade","floor":16},{"not_picked":["Infernal Blade+1","Rampage"],"picked":"Flex+1","floor":17},{"not_picked":["Burning Pact+1","Disarm+1"],"picked":"Heavy Blade","floor":17},{"not_picked":["Headbutt","Fire Breathing"],"picked":"Flex+1","floor":17},{"not_picked":["True Grit+1","Flex+1"],"picked":"Ghostly Armor+1","floor":17},{"not_picked":["Twin Strike","Iron Wave"],"picked":"Battle Trance+1","floor":17},{"not_picked":["Anger","Wild Strike"],"picked":"Infernal Blade+1","floor":18},{"not_picked":["Dropkick","Entrench+1"],"picked":"Disarm+1","floor":20}],"player_experience":813775,"relics_obtained":[{"floor":8,"key":"Sundial"},{"floor":9,"key":"Toxic Egg 2"}],"event_choices":[{"damage_healed":0,"gold_gain":0,"player_choice":"Take Wound","damage_taken":0,"relics_obtained":["Golden Idol"],"max_hp_gain":0,"max_hp_loss":0,"event_name":"Golden Idol","floor":2,"gold_loss":0,"cards_obtained":["Injury"]},{"damage_healed":0,"gold_gain":175,"player_choice":"AGREE","damage_taken":0,"max_hp_gain":0,"max_hp_loss":0,"event_name":"Liars Game","floor":4,"gold_loss":0,"cards_obtained":["Doubt"]},{"damage_healed":0,"gold_gain":0,"player_choice":"Entered Light","damage_taken":14,"max_hp_gain":0,"max_hp_loss":0,"event_name":"Shining Light","floor":5,"gold_loss":0,"cards_upgraded":["Limit Break","Defend_R"]},{"damage_healed":0,"gold_gain":0,"player_choice":"Bought 1 Potion","damage_taken":0,"max_hp_gain":0,"max_hp_loss":0,"event_name":"The Woman in Blue","floor":13,"gold_loss":0}],"is_beta":false,"boss_relics":[{"not_picked":["Busted Crown","Lizard Tail"],"picked":"Orrery"}],"items_purged_floors":[19],"is_endless":false,"potions_floor_spawned":[6,12,14],"killed_by":"Snecko","ascension_level":13}