{"gold_per_floor":[109,127,184,201,201,201,201,224,224,79,99,123,143,143,143,143],"floor_reached":16,"playtime":875,"items_purged":[],"score":94,"play_id":"c010f766-dc21-40e2-a54c-bd0ab420a0af","local_time":"20190323165526","is_ascension_mode":false,"campfire_choices":[{"data":"Clothesline","floor":7,"key":"SMITH"},{"data":"Searing Blow","floor":15,"key":"SMITH"}],"neow_cost":"NONE","seed_source_timestamp":20112149611200,"circlet_count":0,"master_deck":["Strike_R","Strike_R","Strike_R","Strike_R","Defend_R","Defend_R","Defend_R","Defend_R","Bash","Perfected Strike","Clothesline+1","Twin Strike","Power Through","Intimidate","Sword Boomerang","True Grit","Searing Blow+1","Evolve","Pommel Strike"],"relics":["Burning Blood","NeowsBlessing","Golden Idol"],"potions_floor_usage":[16,16],"damage_taken":[{"damage":0,"enemies":"Small Slimes","floor":1,"turns":1},{"damage":0,"enemies":"2 Louse","floor":2,"turns":1},{"damage":0,"enemies":"Cultist","floor":4,"turns":1},{"damage":10,"enemies":"Gremlin Gang","floor":8,"turns":6},{"damage":0,"enemies":"Large Slime","floor":11,"turns":5},{"damage":2,"enemies":"Red Slaver","floor":12,"turns":4},{"damage":1,"enemies":"Exordium Thugs","floor":13,"turns":4},{"damage":75,"enemies":"Hexaghost","floor":16,"turns":15}],"seed_played":"1140785409508834411","potions_obtained":[{"floor":2,"key":"Explosive Potion"},{"floor":4,"key":"BloodPotion"},{"floor":8,"key":"Energy Potion"}],"is_trial":false,"path_per_floor":["M","M","?","M","?","?","R","M","T","$","M","M","M","?","R","B"],"character_chosen":"IRONCLAD","items_purchased":["Intimidate","Sword Boomerang","True Grit"],"campfire_rested":0,"item_purchase_floors":[10,10,10],"current_hp_per_floor":[80,80,80,80,60,60,60,56,56,56,62,66,71,63,63,0],"gold":143,"neow_bonus":"THREE_ENEMY_KILL","is_prod":false,"is_daily":false,"chose_seed":false,"campfire_upgraded":2,"win_rate":0,"timestamp":1553374526,"path_taken":["M","M","?","M","?","?","R","M","T","$","?","M","?","?","R","BOSS"],"build_version":"2019-01-23","purchased_purges":0,"victory":false,"max_hp_per_floor":[80,80,80,80,80,80,80,80,80,80,80,80,80,80,80,80],"card_choices":[{"not_picked":["Twin Strike","Sever Soul"],"picked":"Perfected Strike","floor":1},{"not_picked":["Bloodletting","Pommel Strike"],"picked":"Clothesline","floor":2},{"not_picked":["Infernal Blade","Ghostly Armor"],"picked":"Twin Strike","floor":4},{"not_picked":["Flex","Feel No Pain"],"picked":"Power Through","floor":8},{"not_picked":["Perfected Strike","Feel No Pain"],"picked":"Searing Blow","floor":11},{"not_picked":["Rupture","Reckless Charge"],"picked":"Evolve","floor":12},{"not_picked":["Entrench","Intimidate"],"picked":"Pommel Strike","floor":13}],"player_experience":835044,"relics_obtained":[],"event_choices":[{"damage_healed":0,"gold_gain":57,"player_choice":"Gained Gold","damage_taken":0,"max_hp_gain":0,"max_hp_loss":0,"event_name":"Golden Wing","floor":3,"gold_loss":0},{"damage_healed":0,"gold_gain":0,"player_choice":"Take Damage","damage_taken":20,"relics_obtained":["Golden Idol"],"max_hp_gain":0,"max_hp_loss":0,"event_name":"Golden Idol","floor":5,"gold_loss":0},{"cards_removed":["Strike_R"],"damage_healed":0,"gold_gain":0,"player_choice":"Offered Basic","damage_taken":0,"max_hp_gain":0,"max_hp_loss":0,"event_name":"Bonfire Elementals","floor":6,"gold_loss":0},{"damage_healed":0,"gold_gain":0,"player_choice":"Damaged","damage_taken":8,"max_hp_gain":0,"max_hp_loss":0,"event_name":"Wheel of Change","floor":14,"gold_loss":0}],"is_beta":false,"boss_relics":[],"items_purged_floors":[],"is_endless":false,"potions_floor_spawned":[2,4,8,12],"killed_by":"Hexaghost","ascension_level":0}