{"gold_per_floor":[114,128,52,52,29,29,48,75,126,151,171,171,198,211,211,288,288,305,305,321,333,346,346,276,309,309,320,320,332,363,377,377,453,453,473,473,473,227,243,243,271,282,306,306,64,64,115,115,115,115,115,115,34,66,66],"floor_reached":56,"playtime":2446,"items_purged":["Writhe"],"score":1884,"play_id":"e28d1bb5-9f3c-4f8c-b10a-fa13df8a7612","local_time":"20190327231204","is_ascension_mode":true,"campfire_choices":[{"data":"Fiend Fire","floor":6.0,"key":"SMITH"},{"floor":12.0,"key":"REST"},{"floor":15.0,"key":"REST"},{"floor":23.0,"key":"REST"},{"floor":28.0,"key":"REST"},{"floor":32,"key":"REST"},{"floor":40,"key":"RECALL"},{"floor":44,"key":"REST"},{"floor":46,"key":"REST"},{"floor":49,"key":"REST"},{"floor":52,"key":"REST"}],"neow_cost":"NONE","seed_source_timestamp":0,"circlet_count":0,"master_deck":["AscendersBane","Strike_R","Strike_R","Strike_R","Strike_R","Defend_R","Defend_R","Defend_R","Defend_R","Bash","Demon Form","Metallicize","Cleave","Dropkick","Fiend Fire+1","Clash","Armaments","Flex","Whirlwind","Offering","Havoc","Thunderclap+1","Dropkick","Shockwave","Flex+1","Disarm+1","Sentinel","Seeing Red","Limit Break","Corruption","Disarm"],"special_seed":0,"relics":["Burning Blood","Pen Nib","Strawberry","Centennial Puzzle","Gremlin Horn","Runic Pyramid","Smiling Mask","Anchor","Dead Branch","Gambling Chip","Fusion Hammer","ClockworkSouvenir","Orichalcum","Shuriken","Pocketwatch","Darkstone Periapt","Nunchaku"],"potions_floor_usage":[50],"damage_taken":[{"damage":9.0,"enemies":"2 Louse","floor":1.0,"turns":4.0},{"damage":0.0,"enemies":"Jaw Worm","floor":2.0,"turns":6.0},{"damage":0.0,"enemies":"Cultist","floor":7.0,"turns":2.0},{"damage":47.0,"enemies":"Gremlin Nob","floor":8.0,"turns":5.0},{"damage":12.0,"enemies":"Lagavulin","floor":10.0,"turns":5.0},{"damage":13.0,"enemies":"Gremlin Gang","floor":11.0,"turns":5.0},{"damage":47.0,"enemies":"Gremlin Nob","floor":13.0,"turns":7.0},{"damage":0.0,"enemies":"Large Slime","floor":14.0,"turns":1.0},{"damage":24.0,"enemies":"Hexaghost","floor":16.0,"turns":9.0},{"damage":29.0,"enemies":"2 Thieves","floor":18.0,"turns":4.0},{"damage":9.0,"enemies":"Spheric Guardian","floor":20.0,"turns":3.0},{"damage":20.0,"enemies":"Cultist and Chosen","floor":21.0,"turns":4.0},{"damage":6.0,"enemies":"Snecko","floor":22.0,"turns":3.0},{"damage":26.0,"enemies":"Gremlin Leader","floor":25.0,"turns":3.0},{"damage":17.0,"enemies":"Centurion and Healer","floor":27.0,"turns":6.0},{"damage":13.0,"enemies":"Sentry and Sphere","floor":29.0,"turns":3.0},{"damage":25.0,"enemies":"Slavers","floor":30.0,"turns":4.0},{"damage":19,"enemies":"Shelled Parasite and Fungi","floor":31,"turns":4},{"damage":34,"enemies":"Automaton","floor":33,"turns":4},{"damage":5,"enemies":"3 Shapes","floor":35,"turns":4},{"damage":6,"enemies":"3 Darklings","floor":39,"turns":2},{"damage":6,"enemies":"Reptomancer","floor":41,"turns":1},{"damage":8,"enemies":"Transient","floor":42,"turns":5},{"damage":11,"enemies":"2 Orb Walkers","floor":47,"turns":2},{"damage":58,"enemies":"Donu and Deca","floor":50,"turns":6},{"damage":67,"enemies":"Shield and Spear","floor":54,"turns":4},{"damage":11,"enemies":"The Heart","floor":55,"turns":6}],"seed_played":"-4738795951847029493","potions_obtained":[{"floor":2.0,"key":"SkillPotion"},{"floor":8.0,"key":"SteroidPotion"},{"floor":13.0,"key":"PowerPotion"},{"floor":14.0,"key":"Poison Potion"},{"floor":16.0,"key":"SteroidPotion"},{"floor":29.0,"key":"PowerPotion"},{"floor":42,"key":"Poison Potion"},{"floor":47,"key":"PowerPotion"},{"floor":54,"key":"AttackPotion"}],"is_trial":false,"path_per_floor":["M","M","$","?","?","R","M","E","T","E","M","R","E","M","R","B",null,"M","T","M","M","M","R","$","E","T","M","R","M","E","M","R","B",null,"M","?","?","$","M","R","E","M","T","R","$","R","?","T","R","B",null,"R","$","E","B",null],"character_chosen":"IRONCLAD","items_purchased":["Dropkick","Shockwave","ClockworkSouvenir","Shuriken","Corruption"],"campfire_rested":9,"item_purchase_floors":[3,24,38,45,53],"current_hp_per_floor":[69,75,75,75,75,75,80,39,46,40,33,59,18,24,50,32,73,50,50,47,33,33,59,59,39,39,28,54,47,28,15,41,13,69,70,87,87,87,87,87,87,85,85,87,87,87,82,82,87,35,74,87,87,26,21],"gold":66,"neow_bonus":"ONE_RANDOM_RARE_CARD","is_prod":false,"is_daily":false,"chose_seed":false,"campfire_upgraded":1,"win_rate":0,"timestamp":1553742724,"path_taken":["M","M","$","?","?","R","?","E","T","E","M","R","E","M","R","BOSS","M","?","M","M","?","R","$","E","T","M","R","M","E","M","R","BOSS","M","?","?","$","M","R","E","M","T","R","$","R","?","?","R","BOSS","R","$","E","BOSS"],"build_version":"2019-01-23","purchased_purges":1,"victory":true,"max_hp_per_floor":[80,80,80,80,80,80,80,80,87,87,87,87,87,87,87,87,87,87,87,87,87,87,87,87,87,87,87,87,87,87,87,87,87,87,87,87,87,87,87,87,87,87,87,87,87,87,87,87,87,87,87,87,87,87,87],"card_choices":[{"not_picked":["Anger","True Grit"],"picked":"Metallicize","floor":1.0},{"not_picked":["Anger","Flex"],"picked":"Cleave","floor":2.0},{"not_picked":["Twin Strike","Headbutt","Sword Boomerang"],"picked":"SKIP","floor":7.0},{"not_picked":["Body Slam","Blood for Blood","Second Wind"],"picked":"SKIP","floor":8.0},{"not_picked":["Body Slam","Berserk"],"picked":"Clash","floor":10.0},{"not_picked":["Iron Wave","Twin Strike"],"picked":"Armaments","floor":11.0},{"not_picked":["Perfected Strike","Pommel Strike"],"picked":"Flex","floor":13.0},{"not_picked":["Body Slam","Cleave"],"picked":"Whirlwind","floor":14.0},{"not_picked":["Dark Embrace","Fiend Fire"],"picked":"Offering","floor":16.0},{"not_picked":["Shrug It Off","Perfected Strike"],"picked":"Havoc","floor":18.0},{"not_picked":["Iron Wave","Body Slam","Cleave"],"picked":"SKIP","floor":20.0},{"not_picked":["Heavy Blade","Armaments"],"picked":"Thunderclap+1","floor":21.0},{"not_picked":["Flame Barrier","Flex"],"picked":"Dropkick","floor":22.0},{"not_picked":["Berserk","Clash","Thunderclap"],"picked":"SKIP","floor":25.0},{"not_picked":["Anger","Uppercut"],"picked":"Flex+1","floor":27.0},{"not_picked":["Pummel","Barricade"],"picked":"Disarm+1","floor":29.0},{"not_picked":["Anger","Shockwave","Battle Trance"],"picked":"SKIP","floor":30.0},{"not_picked":["Rupture","Flex+1"],"picked":"Sentinel","floor":31},{"not_picked":["Whirlwind","Heavy Blade","Wild Strike+1"],"picked":"SKIP","floor":35},{"not_picked":["Combust+1","Headbutt","Shrug It Off"],"picked":"SKIP","floor":39},{"not_picked":["Bludgeon","Iron Wave+1"],"picked":"Seeing Red","floor":41},{"not_picked":["Cleave","Havoc","Clothesline"],"picked":"SKIP","floor":42},{"not_picked":["Headbutt","Burning Pact+1"],"picked":"Limit Break","floor":47},{"not_picked":["Dual Wield","Twin Strike+1"],"picked":"Disarm","floor":54}],"player_experience":839899,"relics_obtained":[{"floor":8.0,"key":"Pen Nib"},{"floor":9.0,"key":"Strawberry"},{"floor":10.0,"key":"Centennial Puzzle"},{"floor":13.0,"key":"Gremlin Horn"},{"floor":19.0,"key":"Smiling Mask"},{"floor":25.0,"key":"Anchor"},{"floor":26.0,"key":"Dead Branch"},{"floor":30.0,"key":"Gambling Chip"},{"floor":41,"key":"Orichalcum"},{"floor":47,"key":"Pocketwatch"},{"floor":48,"key":"Darkstone Periapt"},{"floor":54,"key":"Nunchaku"}],"event_choices":[{"damage_healed":0.0,"max_hp_gain":0.0,"max_hp_loss":0.0,"gold_gain":0.0,"cards_transformed":["Strike_R"],"event_name":"Living Wall","player_choice":"Change","floor":4.0,"gold_loss":0.0,"damage_taken":0.0,"cards_obtained":["Fiend Fire"]},{"damage_healed":0.0,"max_hp_gain":0.0,"max_hp_loss":0.0,"gold_gain":0.0,"event_name":"World of Goop","player_choice":"Left Gold","floor":5.0,"gold_loss":23.0,"damage_taken":0.0},{"damage_healed":22,"gold_gain":0,"player_choice":"Writhe","damage_taken":0,"max_hp_gain":0,"max_hp_loss":0,"event_name":"Winding Halls","floor":36,"gold_loss":0,"cards_obtained":["Writhe"]},{"damage_healed":0,"gold_gain":0,"player_choice":"Ignored","damage_taken":0,"max_hp_gain":0,"max_hp_loss":0,"event_name":"Tomb of Lord Red Mask","floor":37,"gold_loss":0},{"damage_healed":0,"gold_gain":0,"player_choice":"Fight","damage_taken":0,"max_hp_gain":0,"max_hp_loss":0,"event_name":"Mysterious Sphere","floor":47,"gold_loss":0}],"is_beta":false,"boss_relics":[{"not_picked":["Runic Cube","Astrolabe"],"picked":"Runic Pyramid"},{"not_picked":["White Beast Statue","Tiny House"],"picked":"Fusion Hammer"}],"items_purged_floors":[38],"is_endless":false,"potions_floor_spawned":[2,8,13,14,16,18,20,29,42,47,54],"ascension_level":13}