{"gold_per_floor":[112,112,129,129,4,39,39,12,12,12,40,53,65,79,79,179,179],"floor_reached":17,"playtime":1407,"items_purged":[],"score":165,"play_id":"4e8e35eb-2525-4f9c-b7e2-e6fb8618ec1e","local_time":"20190323225049","is_ascension_mode":false,"campfire_choices":[{"data":"Warcry","floor":7.0,"key":"SMITH"},{"data":"Cleave","floor":15.0,"key":"SMITH"}],"neow_cost":"NONE","seed_source_timestamp":0,"circlet_count":0,"master_deck":["Bash+1","Dark Embrace","Infernal Blade","True Grit","Ghostly Armor","Corruption","Warcry+1","Sword Boomerang","Cleave+1","Cleave","Bloodletting","Fire Breathing","Offering","Rupture","Dark Embrace","Heavy Blade","Anger","Clash","Disarm","Entrench","Limit Break"],"special_seed":0,"relics":["Burning Blood","Dodecahedron","Anchor","Meat on the Bone","Unceasing Top","Pandora\u0027s Box"],"potions_floor_usage":[],"damage_taken":[{"damage":7.0,"enemies":"Cultist","floor":1.0,"turns":5.0},{"damage":3.0,"enemies":"2 Louse","floor":3.0,"turns":3.0},{"damage":26.0,"enemies":"Gremlin Nob","floor":6.0,"turns":4.0},{"damage":40.0,"enemies":"Lagavulin","floor":11.0,"turns":8.0},{"damage":8.0,"enemies":"Small Slimes","floor":12.0,"turns":4.0},{"damage":0.0,"enemies":"2 Fungi Beasts","floor":13.0,"turns":2.0},{"damage":10.0,"enemies":"Exordium Thugs","floor":14.0,"turns":4.0},{"damage":47.0,"enemies":"Hexaghost","floor":16.0,"turns":9.0}],"seed_played":"4245620776277094324","potions_obtained":[{"floor":1.0,"key":"FearPotion"},{"floor":3.0,"key":"Energy Potion"},{"floor":13.0,"key":"Explosive Potion"},{"floor":14.0,"key":"Fire Potion"}],"is_trial":false,"path_per_floor":["M","T","M","?","$","E","R","?","T","?","E","M","M","M","R","B",null],"character_chosen":"IRONCLAD","items_purchased":["Corruption","Warcry"],"campfire_rested":0,"item_purchase_floors":[5,5],"current_hp_per_floor":[79,79,80,80,80,60,60,60,60,44,22,32,50,58,58,29,80],"gold":179,"neow_bonus":"ONE_RANDOM_RARE_CARD","is_prod":false,"is_daily":false,"chose_seed":false,"campfire_upgraded":2,"win_rate":0,"timestamp":1553395849,"path_taken":["M","?","M","?","$","E","R","?","T","?","E","M","M","?","R","BOSS","BOSS"],"build_version":"2019-01-23","purchased_purges":0,"victory":false,"max_hp_per_floor":[80,80,80,80,80,80,80,80,80,80,80,80,80,80,80,80,80],"card_choices":[{"not_picked":["Clash","Blood for Blood"],"picked":"Infernal Blade","floor":1.0},{"not_picked":["Body Slam","Headbutt"],"picked":"True Grit","floor":3.0},{"not_picked":["Rage","Corruption"],"picked":"Sword Boomerang","floor":6.0},{"not_picked":["Battle Trance","Thunderclap"],"picked":"Cleave","floor":11.0},{"not_picked":["Warcry","Evolve"],"picked":"Cleave","floor":12.0},{"not_picked":["Reckless Charge","Anger"],"picked":"Bloodletting","floor":13.0},{"not_picked":["Dropkick","Armaments"],"picked":"Fire Breathing","floor":14.0},{"not_picked":["Fiend Fire","Immolate"],"picked":"Offering","floor":16}],"player_experience":835919,"relics_obtained":[{"floor":2.0,"key":"Dodecahedron"},{"floor":6.0,"key":"Anchor"},{"floor":9.0,"key":"Meat on the Bone"},{"floor":11.0,"key":"Unceasing Top"}],"event_choices":[{"damage_healed":0.0,"max_hp_gain":0.0,"max_hp_loss":0.0,"gold_gain":0.0,"cards_transformed":["Strike_R"],"event_name":"Living Wall","player_choice":"Change","floor":4.0,"gold_loss":0.0,"damage_taken":0.0,"cards_obtained":["Ghostly Armor"]},{"damage_healed":0.0,"max_hp_gain":0.0,"max_hp_loss":0.0,"gold_gain":0.0,"event_name":"World of Goop","player_choice":"Left Gold","floor":8.0,"gold_loss":27.0,"damage_taken":0.0},{"damage_healed":0.0,"max_hp_gain":0.0,"max_hp_loss":0.0,"gold_gain":0.0,"event_name":"Shining Light","player_choice":"Entered Light","floor":10.0,"gold_loss":0.0,"damage_taken":16.0,"cards_upgraded":["Strike_R","Bash"]}],"is_beta":false,"boss_relics":[{"not_picked":["Ectoplasm","Velvet Choker"],"picked":"Pandora\u0027s Box"}],"items_purged_floors":[],"is_endless":false,"potions_floor_spawned":[1,3,13,14],"ascension_level":0}