{"gold_per_floor":[117,117,136,136,155,155,193,193,272,311,311,329,364,389,389,389],"floor_reached":16,"playtime":370,"items_purged":[],"score":289,"play_id":"92121b03-a85b-4b5b-8602-a8eb3e7672e8","local_time":"20190407005955","is_ascension_mode":true,"campfire_choices":[{"data":"Perfected Strike","floor":6,"key":"SMITH"},{"data":"Juggernaut","floor":8,"key":"SMITH"},{"data":"Bash","floor":11,"key":"SMITH"},{"data":"Whirlwind","floor":15,"key":"SMITH"}],"neow_cost":"NONE","seed_source_timestamp":0,"circlet_count":0,"master_deck":["AscendersBane","Strike_R+1","Strike_R","Strike_R","Strike_R+1","Defend_R","Defend_R","Defend_R","Defend_R","Bash+1","Carnage","Injury","Pommel Strike","Offering","Perfected Strike+1","Juggernaut+1","Whirlwind+1","True Grit","Iron Wave"],"special_seed":0,"relics":["Coffee Dripper","Golden Idol","Whetstone","Tiny Chest","Regal Pillow","Mango"],"potions_floor_usage":[12,13],"damage_taken":[{"damage":7,"enemies":"Jaw Worm","floor":1,"turns":3},{"damage":0,"enemies":"Cultist","floor":3,"turns":3},{"damage":0,"enemies":"Small Slimes","floor":5,"turns":2},{"damage":10,"enemies":"Gremlin Nob","floor":7,"turns":3},{"damage":15,"enemies":"3 Sentries","floor":10,"turns":7},{"damage":0,"enemies":"Blue Slaver","floor":12,"turns":1},{"damage":25,"enemies":"Lagavulin","floor":13,"turns":5},{"damage":8,"enemies":"Exordium Wildlife","floor":14,"turns":2},{"damage":20,"enemies":"The Guardian","floor":16,"turns":4}],"seed_played":"1426796461468456323","potions_obtained":[{"floor":1,"key":"FearPotion"},{"floor":7,"key":"Weak Potion"}],"is_trial":false,"path_per_floor":["M","?","M","?","M","R","E","R","T","E","R","M","E","M","R","B"],"character_chosen":"IRONCLAD","items_purchased":[],"campfire_rested":0,"item_purchase_floors":[],"current_hp_per_floor":[61,61,61,61,61,61,51,51,51,36,36,36,25,17,17,0],"gold":389,"neow_bonus":"BOSS_RELIC","is_prod":false,"is_daily":false,"chose_seed":false,"campfire_upgraded":4,"win_rate":0,"timestamp":1554613195,"path_taken":["M","?","M","?","?","R","E","R","T","E","R","M","E","M","R","BOSS"],"build_version":"2019-01-23","purchased_purges":0,"victory":false,"max_hp_per_floor":[75,75,75,75,75,75,75,75,75,75,75,75,89,89,89,89],"card_choices":[{"not_picked":["Havoc","Warcry"],"picked":"Carnage","floor":1},{"not_picked":["Clash","Anger"],"picked":"Pommel Strike","floor":3},{"not_picked":["Havoc","Headbutt"],"picked":"Perfected Strike","floor":5},{"not_picked":["Perfected Strike","Armaments"],"picked":"Juggernaut","floor":7},{"not_picked":["Corruption","Havoc","Second Wind"],"picked":"SKIP","floor":10},{"not_picked":["Wild Strike","Headbutt"],"picked":"Whirlwind","floor":12},{"not_picked":["Perfected Strike","Twin Strike"],"picked":"True Grit","floor":13},{"not_picked":["Clash","Pommel Strike"],"picked":"Iron Wave","floor":14}],"player_experience":864396,"relics_obtained":[{"floor":7,"key":"Whetstone"},{"floor":9,"key":"Tiny Chest"},{"floor":10,"key":"Regal Pillow"},{"floor":13,"key":"Mango"}],"event_choices":[{"damage_healed":0,"gold_gain":0,"player_choice":"Take Wound","damage_taken":0,"relics_obtained":["Golden Idol"],"max_hp_gain":0,"max_hp_loss":0,"event_name":"Golden Idol","floor":2,"gold_loss":0,"cards_obtained":["Injury"]},{"damage_healed":0,"gold_gain":0,"cards_transformed":["Strike_R"],"player_choice":"Transformed","damage_taken":0,"max_hp_gain":0,"max_hp_loss":0,"event_name":"Transmorgrifier","floor":4,"gold_loss":0,"cards_obtained":["Offering"]}],"is_beta":false,"boss_relics":[],"items_purged_floors":[],"is_endless":false,"potions_floor_spawned":[1,7],"killed_by":"The Guardian","ascension_level":14}