{"gold_per_floor":[165,165,184,198,212,212,245,245,245,278,8,23,43,43,43,116,116,129,69,1,13,33,33,33,33,87,87,87,104,104],"floor_reached":30,"playtime":1013,"items_purged":[],"score":408,"play_id":"0ae87f4a-a7ca-4e15-b34e-6e89fdf503fa","local_time":"20190407011700","is_ascension_mode":true,"campfire_choices":[{"floor":6,"key":"REST"},{"floor":15,"key":"REST"},{"floor":23,"key":"REST"},{"floor":25,"key":"REST"}],"neow_cost":"NONE","seed_source_timestamp":100855731457600,"circlet_count":0,"master_deck":["AscendersBane","Strike_R","Strike_R","Strike_R","Strike_R","Defend_R","Defend_R","Defend_R","Defend_R","Bash+1","Inflame","Feel No Pain","Iron Wave","Heavy Blade","Dropkick","Thunderclap","Clash","Rampage","Disarm","True Grit","Ghostly Armor+1","Spot Weakness","Dual Wield","Corruption","Pummel","Feel No Pain","Armaments","Disarm","Flex"],"relics":["Tiny House","NlothsMask","Potion Belt","Du-Vu Doll","Strange Spoon","Runic Pyramid"],"potions_floor_usage":[7,10,10,21,22,29],"damage_taken":[{"damage":12,"enemies":"Jaw Worm","floor":1,"turns":3},{"damage":1,"enemies":"Cultist","floor":3,"turns":3},{"damage":7,"enemies":"Small Slimes","floor":4,"turns":3},{"damage":28,"enemies":"Exordium Thugs","floor":5,"turns":6},{"damage":20,"enemies":"3 Sentries","floor":7,"turns":8},{"damage":16,"enemies":"Gremlin Nob","floor":10,"turns":3},{"damage":11,"enemies":"3 Louse","floor":12,"turns":4},{"damage":0,"enemies":"2 Fungi Beasts","floor":13,"turns":3},{"damage":24,"enemies":"Hexaghost","floor":16,"turns":12},{"damage":12,"enemies":"Spheric Guardian","floor":18,"turns":4},{"damage":27,"enemies":"3 Byrds","floor":21,"turns":8},{"damage":16,"enemies":"Shelled Parasite and Fungi","floor":22,"turns":3},{"damage":15,"enemies":"Snake Plant","floor":29,"turns":6},{"damage":41,"enemies":"Slavers","floor":30,"turns":2}],"seed_played":"-1631939286884744926","potions_obtained":[{"floor":0,"key":"Regen Potion"},{"floor":1,"key":"Poison Potion"},{"floor":4,"key":"BloodPotion"},{"floor":8,"key":"SteroidPotion"},{"floor":8,"key":"Fire Potion"},{"floor":8,"key":"SpeedPotion"},{"floor":10,"key":"SkillPotion"},{"floor":12,"key":"SneckoOil"},{"floor":18,"key":"AttackPotion"},{"floor":21,"key":"SkillPotion"}],"is_trial":false,"path_per_floor":["M","?","M","M","M","R","E","?","T","E","$","M","M","?","R","B",null,"M","?","$","M","M","R","$","R","T","?","?","M","E"],"character_chosen":"IRONCLAD","items_purchased":["Rampage","Strange Spoon","Corruption"],"campfire_rested":4,"item_purchase_floors":[11,11,20],"current_hp_per_floor":[61,61,60,53,25,49,44,44,44,28,28,17,17,5,29,5,61,49,49,49,22,6,30,30,54,54,54,54,39,0],"gold":104,"neow_bonus":"BOSS_RELIC","is_prod":false,"is_daily":false,"chose_seed":false,"campfire_upgraded":0,"win_rate":0,"timestamp":1554614220,"path_taken":["M","?","M","?","M","R","E","?","T","E","?","M","M","?","R","BOSS","M","?","$","?","M","R","?","R","T","?","?","?","E"],"build_version":"2019-01-23","purchased_purges":0,"victory":false,"max_hp_per_floor":[80,80,80,80,80,80,80,80,80,80,80,80,80,80,80,80,80,80,80,80,80,80,80,80,80,80,80,80,80,80],"card_choices":[{"not_picked":["Wild Strike","Clothesline"],"picked":"Inflame","floor":0},{"not_picked":["Flex","Anger"],"picked":"Feel No Pain","floor":1},{"not_picked":["Twin Strike","Warcry"],"picked":"Iron Wave","floor":3},{"not_picked":["Shrug It Off","Clash"],"picked":"Heavy Blade","floor":4},{"not_picked":["Heavy Blade","Flex"],"picked":"Dropkick","floor":5},{"not_picked":["Exhume","Twin Strike"],"picked":"Thunderclap","floor":7},{"not_picked":["Headbutt","Second Wind"],"picked":"Clash","floor":10},{"not_picked":["Sever Soul","Fire Breathing"],"picked":"Disarm","floor":12},{"not_picked":["Heavy Blade","Headbutt"],"picked":"True Grit","floor":13},{"not_picked":["Feed","Dark Embrace"],"picked":"Fiend Fire","floor":16},{"not_picked":["Shrug It Off","Clash"],"picked":"Ghostly Armor+1","floor":18},{"not_picked":["Armaments","Headbutt+1"],"picked":"Pummel","floor":21},{"not_picked":["Havoc+1","Iron Wave"],"picked":"Feel No Pain","floor":22},{"not_picked":["Armaments","Warcry"],"picked":"Flex","floor":29}],"player_experience":864766,"relics_obtained":[{"floor":7,"key":"Potion Belt"},{"floor":10,"key":"Du-Vu Doll"}],"event_choices":[{"damage_healed":0,"gold_gain":0,"player_choice":"Trade","damage_taken":0,"relics_obtained":["NlothsMask"],"max_hp_gain":0,"max_hp_loss":0,"event_name":"FaceTrader","floor":2,"gold_loss":0},{"damage_healed":0,"gold_gain":0,"player_choice":"Got Potions","damage_taken":0,"max_hp_gain":0,"max_hp_loss":0,"event_name":"Lab","floor":8,"gold_loss":0},{"damage_healed":0,"gold_gain":0,"player_choice":"Fled","damage_taken":12,"max_hp_gain":0,"max_hp_loss":0,"event_name":"Scrap Ooze","floor":14,"gold_loss":0},{"damage_healed":0,"gold_gain":0,"cards_transformed":["Fiend Fire","Strike_R"],"player_choice":"Transformed Cards","damage_taken":0,"max_hp_gain":0,"max_hp_loss":0,"event_name":"Designer","floor":19,"gold_loss":60,"cards_obtained":["Spot Weakness","Dual Wield"]},{"damage_healed":0,"gold_gain":0,"player_choice":"Read","damage_taken":0,"max_hp_gain":0,"max_hp_loss":0,"event_name":"The Library","floor":27,"gold_loss":0,"cards_obtained":["Armaments"]},{"damage_healed":0,"gold_gain":0,"player_choice":"Copied","damage_taken":0,"max_hp_gain":0,"max_hp_loss":0,"event_name":"Duplicator","floor":28,"gold_loss":0,"cards_obtained":["Disarm"]}],"is_beta":false,"boss_relics":[{"not_picked":["White Beast Statue","Orrery"],"picked":"Runic Pyramid"}],"items_purged_floors":[],"is_endless":false,"potions_floor_spawned":[1,4,10,12,18,21],"killed_by":"Slavers","ascension_level":14}