{"gold_per_floor":[117,134,146,158,158,168,180,49,49,49,78,93,108,133,133,209,209,225,225,23,23,23,23,23,36,36,64,64,64],"floor_reached":29,"playtime":940,"items_purged":[],"score":434,"play_id":"357e5ad2-a66f-4e7f-9b78-3af2449a7973","local_time":"20190411223616","is_ascension_mode":true,"campfire_choices":[{"data":"Whirlwind","floor":10,"key":"SMITH"},{"floor":15,"key":"REST"},{"data":"Limit Break","floor":23,"key":"SMITH"}],"neow_cost":"NONE","seed_source_timestamp":310965810289500,"circlet_count":0,"master_deck":["AscendersBane","Defend_R","Defend_R","Defend_R","Bash","Heavy Blade","Flex","Infernal Blade","Twin Strike","Inflame","Whirlwind+1","Good Instincts","Inflame","Dropkick","Reaper","Shrug It Off","Heavy Blade","Armaments","Limit Break+1","Trip+1","Hemokinesis+1","Flex+1","Clash","Rage","Jack Of All Trades","Deflect+1","Footwork+1"],"relics":["Burning Blood","Pear","Prayer Wheel","Paper Frog","Astrolabe","PrismaticShard","Gremlin Horn","Frozen Egg 2"],"potions_floor_usage":[6,14,27,29,29],"damage_taken":[{"damage":6,"enemies":"Cultist","floor":1,"turns":4},{"damage":0,"enemies":"Small Slimes","floor":2,"turns":3},{"damage":2,"enemies":"Jaw Worm","floor":3,"turns":3},{"damage":7,"enemies":"2 Fungi Beasts","floor":4,"turns":4},{"damage":11,"enemies":"Red Slaver","floor":6,"turns":4},{"damage":11,"enemies":"Blue Slaver","floor":7,"turns":3},{"damage":38,"enemies":"Lagavulin","floor":11,"turns":6},{"damage":0,"enemies":"3 Louse","floor":12,"turns":1},{"damage":23,"enemies":"Exordium Thugs","floor":13,"turns":5},{"damage":16,"enemies":"Gremlin Nob","floor":14,"turns":4},{"damage":55,"enemies":"Slime Boss","floor":16,"turns":9},{"damage":21,"enemies":"Chosen","floor":18,"turns":4},{"damage":13,"enemies":"Spheric Guardian","floor":25,"turns":3},{"damage":31,"enemies":"Slavers","floor":27,"turns":6},{"damage":27,"enemies":"Colosseum Slavers","floor":28,"turns":5},{"damage":55,"enemies":"Book of Stabbing","floor":29,"turns":4}],"seed_played":"-665211448388353347","potions_obtained":[{"floor":1,"key":"SteroidPotion"},{"floor":12,"key":"BloodPotion"},{"floor":13,"key":"Block Potion"},{"floor":16,"key":"Dexterity Potion"},{"floor":25,"key":"Energy Potion"},{"floor":27,"key":"Strength Potion"}],"is_trial":false,"path_per_floor":["M","M","M","M","?","M","M","$","T","R","E","M","M","E","R","B",null,"M","?","$","?","?","R","?","M","T","E","?","E"],"character_chosen":"IRONCLAD","items_purchased":["Whirlwind","Good Instincts","PrismaticShard"],"campfire_rested":1,"item_purchase_floors":[8,8,20],"current_hp_per_floor":[68,74,75,74,74,69,64,64,74,74,42,48,31,21,46,21,69,61,61,61,61,61,61,61,54,54,43,32,0],"gold":64,"neow_bonus":"RANDOM_COLORLESS","is_prod":false,"is_daily":false,"chose_seed":false,"campfire_upgraded":2,"win_rate":0,"timestamp":1555036576,"path_taken":["M","?","M","M","?","M","M","$","T","R","E","M","M","E","R","BOSS","M","?","$","?","?","R","?","?","T","E","?","E"],"build_version":"2019-01-23","purchased_purges":0,"victory":false,"max_hp_per_floor":[75,75,75,75,75,75,75,75,85,85,85,85,85,85,85,85,85,85,85,85,85,85,85,85,85,85,85,85,85],"card_choices":[{"not_picked":["Seeing Red","Havoc"],"picked":"Heavy Blade","floor":1},{"not_picked":["Clothesline","Hemokinesis"],"picked":"Flex","floor":2},{"not_picked":["Wild Strike","True Grit"],"picked":"Infernal Blade","floor":3},{"not_picked":["Anger","Cleave"],"picked":"Twin Strike","floor":4},{"not_picked":["Anger","Body Slam"],"picked":"Inflame","floor":6},{"not_picked":["Combust","Twin Strike","Headbutt"],"picked":"SKIP","floor":7},{"not_picked":["True Grit","Rampage"],"picked":"Inflame","floor":11},{"not_picked":["Headbutt","Clash"],"picked":"Dropkick","floor":12},{"not_picked":["Sever Soul","Power Through"],"picked":"Reaper","floor":12},{"not_picked":["Havoc","Combust"],"picked":"Shrug It Off","floor":13},{"not_picked":["Cleave","Headbutt"],"picked":"Heavy Blade","floor":13},{"not_picked":["Exhume","Twin Strike"],"picked":"Armaments","floor":14},{"not_picked":["Feed","Fiend Fire"],"picked":"Limit Break","floor":16},{"not_picked":["Clothesline","Wild Strike","Twin Strike"],"picked":"SKIP","floor":18},{"not_picked":["Anger","Clothesline","True Grit"],"picked":"SKIP","floor":18},{"not_picked":["Corpse Explosion","Flying Knee"],"picked":"Jack Of All Trades","floor":25},{"not_picked":["Fire Breathing","Hello World"],"picked":"Deflect+1","floor":25},{"not_picked":["Violence","Poisoned Stab"],"picked":"Footwork","floor":27}],"player_experience":875905,"relics_obtained":[{"floor":9,"key":"Pear"},{"floor":11,"key":"Prayer Wheel"},{"floor":14,"key":"Paper Frog"},{"floor":26,"key":"Gremlin Horn"},{"floor":27,"key":"Frozen Egg 2"}],"event_choices":[{"damage_healed":0,"gold_gain":0,"player_choice":"Ignored","damage_taken":0,"max_hp_gain":0,"max_hp_loss":0,"event_name":"Liars Game","floor":5,"gold_loss":0},{"damage_healed":0,"gold_gain":0,"cards_transformed":["Strike_R","Strike_R"],"player_choice":"Became Test Subject","damage_taken":0,"max_hp_gain":0,"max_hp_loss":0,"event_name":"Drug Dealer","floor":19,"gold_loss":0,"cards_obtained":["Clash","Rage"]},{"damage_healed":0,"gold_gain":0,"player_choice":"Ignored","damage_taken":0,"max_hp_gain":0,"max_hp_loss":0,"event_name":"Vampires","floor":21,"gold_loss":0},{"cards_removed":["Strike_R"],"damage_healed":0,"gold_gain":0,"player_choice":"Elegance","damage_taken":0,"max_hp_gain":0,"max_hp_loss":0,"event_name":"Back to Basics","floor":22,"gold_loss":0},{"cards_removed":["Defend_R"],"damage_healed":0,"gold_gain":0,"player_choice":"Purged","damage_taken":0,"max_hp_gain":0,"max_hp_loss":0,"event_name":"Purifier","floor":24,"gold_loss":0},{"damage_healed":0,"gold_gain":0,"player_choice":"Fight","damage_taken":0,"max_hp_gain":0,"max_hp_loss":0,"event_name":"Colosseum","floor":28,"gold_loss":0},{"damage_healed":0,"gold_gain":0,"player_choice":"Fled From Nobs","damage_taken":0,"max_hp_gain":0,"max_hp_loss":0,"event_name":"Colosseum","floor":28,"gold_loss":0}],"is_beta":false,"boss_relics":[{"not_picked":["Tiny House","Orrery"],"picked":"Astrolabe"}],"items_purged_floors":[],"is_endless":false,"potions_floor_spawned":[1,12,13,16,25,27],"killed_by":"Book of Stabbing","ascension_level":14}