{"gold_per_floor":[362,0,0,16,26,60,74,74,120,147,147,159,184,184,184,277,277,291,39,63,63,63,102,102,135,135,135,156,180,205,205,205,299,299,315,315,4,27,51,51,384,396,423,260,294,294,314,329,329,329,329,329,54,89,89],"floor_reached":56,"playtime":3253,"items_purged":["Normality","Perfected Strike"],"score":1968,"play_id":"d8a131f3-5a5a-434e-a8e0-0304606b9c21","local_time":"20190420220804","is_ascension_mode":true,"campfire_choices":[{"data":"Feed","floor":8,"key":"SMITH"},{"data":"Double Tap","floor":11,"key":"SMITH"},{"floor":15,"key":"REST"},{"floor":24,"key":"REST"},{"floor":27,"key":"REST"},{"floor":32,"key":"REST"},{"floor":40,"key":"RECALL"},{"floor":46,"key":"REST"},{"floor":49,"key":"REST"},{"floor":52,"key":"REST"}],"neow_cost":"CURSE","seed_source_timestamp":353563697145900,"circlet_count":0,"master_deck":["AscendersBane","Strike_R+1","Strike_R","Defend_R+1","Defend_R","Defend_R","Defend_R","Bash","Feed+1","Shrug It Off","Offering","Ghostly Armor","Spot Weakness+1","Heavy Blade+1","Double Tap+1","Shrug It Off","Reaper","Intimidate","Shockwave","Inflame","Metallicize","Infernal Blade","Dual Wield","Battle Trance","Exhume","Demon Form+1","Clash+1","Searing Blow+2","Dual Wield+1","Inflame+1","Feel No Pain","Evolve","Corruption","Havoc+1","Rupture","Bloodletting"],"relics":["Burning Blood","Bottled Lightning","Omamori","Pen Nib","Anchor","Fusion Hammer","Self Forming Clay","Champion Belt","Prayer Wheel","The Courier","Ornamental Fan","Nilry\u0027s Codex","Astrolabe","Membership Card","Paper Frog","Oddly Smooth Stone","Bag of Preparation","OrangePellets","War Paint","Bronze Scales","Whetstone","Shuriken"],"potions_floor_usage":[13,16,29,33,50,54],"damage_taken":[{"damage":7,"enemies":"Small Slimes","floor":1,"turns":4},{"damage":7,"enemies":"Jaw Worm","floor":4,"turns":3},{"damage":0,"enemies":"Cultist","floor":5,"turns":3},{"damage":42,"enemies":"Lagavulin","floor":6,"turns":8},{"damage":6,"enemies":"Blue Slaver","floor":7,"turns":4},{"damage":16,"enemies":"3 Sentries","floor":10,"turns":6},{"damage":7,"enemies":"Looter","floor":12,"turns":2},{"damage":22,"enemies":"Gremlin Nob","floor":13,"turns":3},{"damage":45,"enemies":"Hexaghost","floor":16,"turns":10},{"damage":15,"enemies":"Shell Parasite","floor":18,"turns":7},{"damage":29,"enemies":"Chosen","floor":20,"turns":7},{"damage":58,"enemies":"Gremlin Leader","floor":23,"turns":6},{"damage":30,"enemies":"Slavers","floor":25,"turns":12},{"damage":23,"enemies":"Sentry and Sphere","floor":28,"turns":6},{"damage":45,"enemies":"3 Cultists","floor":29,"turns":5},{"damage":4,"enemies":"Snake Plant","floor":30,"turns":3},{"damage":72,"enemies":"Collector","floor":33,"turns":10},{"damage":44,"enemies":"3 Darklings","floor":35,"turns":9},{"damage":29,"enemies":"Orb Walker","floor":38,"turns":6},{"damage":30,"enemies":"3 Darklings","floor":39,"turns":8},{"damage":31,"enemies":"4 Shapes","floor":42,"turns":5},{"damage":35,"enemies":"Nemesis","floor":45,"turns":9},{"damage":46,"enemies":"Sphere and 2 Shapes","floor":47,"turns":9},{"damage":15,"enemies":"Transient","floor":48,"turns":5},{"damage":54,"enemies":"Donu and Deca","floor":50,"turns":7},{"damage":64,"enemies":"Shield and Spear","floor":54,"turns":9},{"damage":89,"enemies":"The Heart","floor":55,"turns":8}],"seed_played":"7268155223715268980","potions_obtained":[{"floor":5,"key":"FearPotion"},{"floor":10,"key":"Fire Potion"},{"floor":13,"key":"AttackPotion"},{"floor":23,"key":"Strength Potion"},{"floor":25,"key":"PowerPotion"},{"floor":39,"key":"Ancient Potion"},{"floor":42,"key":"Regen Potion"}],"is_trial":false,"path_per_floor":["M","$","?","M","M","E","M","R","T","E","R","M","E","?","R","B",null,"M","$","M","?","?","E","R","E","T","R","M","M","M","?","R","B",null,"M","?","$","M","M","R","?","M","T","$","E","R","M","M","R","B",null,"R","$","E","B",null],"character_chosen":"IRONCLAD","items_purchased":["Feed","Shrug It Off","Offering","Self Forming Clay","Membership Card","Paper Frog","Oddly Smooth Stone","Energy Potion","Feel No Pain","Evolve","Corruption","Rupture","OrangePellets","War Paint","Bronze Scales","Whetstone"],"campfire_rested":7,"item_purchase_floors":[2,2,2,19,37,37,37,44,44,44,44,53,53,53,53,53],"current_hp_per_floor":[67,67,67,69,78,45,48,48,48,42,42,41,25,25,50,11,66,68,68,63,63,63,29,56,48,48,76,75,78,80,64,95,51,91,87,87,87,104,90,90,90,108,108,108,100,108,72,63,96,116,116,116,116,116,33],"gold":89,"neow_bonus":"TWO_FIFTY_GOLD","is_prod":false,"is_daily":false,"chose_seed":false,"campfire_upgraded":2,"win_rate":0,"timestamp":1555812484,"path_taken":["M","$","?","M","M","E","M","R","T","E","R","M","E","?","R","BOSS","M","$","M","?","?","E","R","E","T","R","M","?","M","?","R","BOSS","M","?","$","?","M","R","?","M","T","$","E","R","M","M","R","BOSS","R","$","E","BOSS"],"build_version":"2019-01-23","purchased_purges":2,"victory":true,"max_hp_per_floor":[75,75,75,78,81,84,87,87,87,91,91,91,91,84,84,84,84,88,88,92,92,92,92,92,96,96,96,100,104,104,104,104,104,104,104,104,104,104,108,108,108,108,108,108,108,108,112,112,112,116,116,116,116,116,116],"card_choices":[{"not_picked":["True Grit","Body Slam"],"picked":"Perfected Strike","floor":1},{"not_picked":["Entrench","Headbutt"],"picked":"Clothesline","floor":4},{"not_picked":["Havoc","Clash"],"picked":"Ghostly Armor","floor":5},{"not_picked":["Feed","Body Slam"],"picked":"Spot Weakness","floor":6},{"not_picked":["Sever Soul","Shrug It Off"],"picked":"Heavy Blade","floor":7},{"not_picked":["Spot Weakness","Second Wind"],"picked":"Double Tap","floor":10},{"not_picked":["Flex","Twin Strike"],"picked":"Shrug It Off","floor":12},{"not_picked":["Twin Strike","Dual Wield","Havoc"],"picked":"SKIP","floor":13},{"not_picked":["Brutality","Limit Break"],"picked":"Reaper","floor":16},{"not_picked":["Clothesline","True Grit"],"picked":"Intimidate","floor":18},{"not_picked":["Clothesline","Cleave"],"picked":"Shockwave","floor":20},{"not_picked":["Body Slam","Clothesline"],"picked":"Metallicize","floor":23},{"not_picked":["Evolve","Warcry"],"picked":"Infernal Blade","floor":25},{"not_picked":["Carnage","Clash"],"picked":"Dual Wield","floor":28},{"not_picked":["Rage","Clash"],"picked":"Battle Trance","floor":28},{"not_picked":["Perfected Strike","Anger","Shrug It Off"],"picked":"SKIP","floor":29},{"not_picked":["Wild Strike","Clothesline+1","Sword Boomerang"],"picked":"SKIP","floor":29},{"not_picked":["True Grit","Heavy Blade","Carnage"],"picked":"SKIP","floor":30},{"not_picked":["Clash","Clothesline","Warcry"],"picked":"SKIP","floor":30},{"not_picked":["Barricade","Feed"],"picked":"Exhume","floor":33},{"not_picked":["Headbutt","Wild Strike+1"],"picked":"Dual Wield+1","floor":35},{"not_picked":["Entrench","Armaments"],"picked":"Inflame+1","floor":35},{"not_picked":["Evolve","Uppercut+1","Sentinel"],"picked":"SKIP","floor":38},{"not_picked":["Searing Blow","Clash","Clothesline+1"],"picked":"SKIP","floor":38},{"not_picked":["Flex+1","Combust+1","Demon Form"],"picked":"SKIP","floor":39},{"not_picked":["Warcry","Twin Strike","Sever Soul"],"picked":"SKIP","floor":39},{"not_picked":["Heavy Blade","Twin Strike","Second Wind"],"picked":"SKIP","floor":42},{"not_picked":["Twin Strike","Dual Wield","Anger+1"],"picked":"SKIP","floor":42},{"not_picked":["Reaper","Anger+1"],"picked":"Havoc+1","floor":45},{"not_picked":["Anger+1","Heavy Blade","Perfected Strike"],"picked":"SKIP","floor":47},{"not_picked":["Flame Barrier","Warcry+1","Berserk"],"picked":"SKIP","floor":47},{"not_picked":["Heavy Blade","Clothesline","Clash+1"],"picked":"SKIP","floor":48},{"not_picked":["Flex+1","Warcry","Clash"],"picked":"SKIP","floor":48},{"not_picked":["Shockwave+1","Pommel Strike"],"picked":"Bloodletting","floor":54}],"player_experience":895785,"relics_obtained":[{"floor":6,"key":"Bottled Lightning"},{"floor":9,"key":"Omamori"},{"floor":10,"key":"Pen Nib"},{"floor":13,"key":"Anchor"},{"floor":23,"key":"Prayer Wheel"},{"floor":25,"key":"The Courier"},{"floor":26,"key":"Ornamental Fan"},{"floor":31,"key":"Nilry\u0027s Codex"},{"floor":45,"key":"Bag of Preparation"},{"floor":54,"key":"Shuriken"}],"event_choices":[{"damage_healed":0,"gold_gain":0,"player_choice":"Left Gold","damage_taken":0,"max_hp_gain":0,"max_hp_loss":0,"event_name":"World of Goop","floor":3,"gold_loss":0},{"damage_healed":0,"gold_gain":0,"player_choice":"Lose Max HP","damage_taken":0,"relics_obtained":["Golden Idol"],"max_hp_gain":0,"max_hp_loss":7,"event_name":"Golden Idol","floor":14,"gold_loss":0},{"damage_healed":0,"gold_gain":0,"player_choice":"Read","damage_taken":0,"max_hp_gain":0,"max_hp_loss":0,"event_name":"The Library","floor":21,"gold_loss":0,"cards_obtained":["Inflame"]},{"cards_removed":["Clothesline"],"damage_healed":0,"gold_gain":0,"player_choice":"Gave Card","damage_taken":0,"relics_obtained":["Champion Belt"],"max_hp_gain":0,"max_hp_loss":0,"event_name":"WeMeetAgain","floor":22,"gold_loss":0},{"damage_healed":0,"gold_gain":0,"player_choice":"Obtained Book","damage_taken":16,"max_hp_gain":0,"max_hp_loss":0,"event_name":"Cursed Tome","floor":31,"gold_loss":0},{"damage_healed":0,"gold_gain":0,"player_choice":"Upgraded","damage_taken":0,"max_hp_gain":0,"max_hp_loss":0,"event_name":"Upgrade Shrine","floor":36,"gold_loss":0,"cards_upgraded":["Heavy Blade"]},{"damage_healed":0,"gold_gain":333,"player_choice":"Gave Idol","damage_taken":0,"max_hp_gain":0,"max_hp_loss":0,"event_name":"The Moai Head","floor":41,"relics_lost":["Golden Idol"],"gold_loss":0}],"is_beta":false,"boss_relics":[{"not_picked":["White Beast Statue","Orrery"],"picked":"Fusion Hammer"},{"not_picked":["Runic Dome","Tiny House"],"picked":"Astrolabe"}],"items_purged_floors":[2,44],"is_endless":false,"potions_floor_spawned":[5,10,12,13,23,25,28,39,42,48],"ascension_level":14}