{"gold_per_floor":[119,129,146,146,1,1,1,36,59,59,86,97,158,176,176,250,250,263,313,116,116,116,116,0,35,60,88,88,88,88,129,129,206,206,225,225,150,165,179,179,212,212,235,215,215,225,225,225],"floor_reached":48,"playtime":2241,"items_purged":["Strike_R"],"score":991,"play_id":"88dcfc9c-84b5-47a9-b246-3173b513fe79","local_time":"20190517184436","is_ascension_mode":true,"campfire_choices":[{"data":"Uppercut","floor":7,"key":"SMITH"},{"data":"Whirlwind","floor":10,"key":"SMITH"},{"data":"Inflame","floor":15,"key":"SMITH"},{"data":"Entrench","floor":23,"key":"SMITH"},{"floor":29,"key":"REST"},{"floor":32,"key":"REST"},{"floor":40,"key":"REST"},{"floor":42,"key":"REST"},{"floor":45,"key":"RECALL"},{"floor":47,"key":"REST"}],"neow_cost":"NONE","seed_source_timestamp":252002974583200,"circlet_count":0,"master_deck":["AscendersBane","Defend_R+1","Defend_R","Defend_R","Defend_R","Bash","Twin Strike","Shrug It Off+1","Uppercut+1","Whirlwind+1","Evolve","Carnage","Inflame+1","Barricade","Immolate+1","Dark Embrace+1","Feed+1","Spot Weakness","Armaments","Transmutation","Entrench+1","Shrug It Off","Offering","Demon Form","Flame Barrier","Battle Trance"],"relics":["Burning Blood","Strawberry","Red Skull","Juzu Bracelet","Mummified Hand","War Paint","Incense Burner","Unceasing Top","Astrolabe","Blood Vial","Vajra","Bag of Marbles","Black Star","Happy Flower","Centennial Puzzle"],"potions_floor_usage":[8,12,25,27,39,48],"damage_taken":[{"damage":3,"enemies":"Jaw Worm","floor":1,"turns":5},{"damage":6,"enemies":"Cultist","floor":2,"turns":3},{"damage":1,"enemies":"Small Slimes","floor":3,"turns":4},{"damage":12,"enemies":"Lagavulin","floor":8,"turns":6},{"damage":15,"enemies":"Gremlin Nob","floor":11,"turns":4},{"damage":20,"enemies":"Exordium Wildlife","floor":12,"turns":4},{"damage":5,"enemies":"Gremlin Nob","floor":13,"turns":4},{"damage":4,"enemies":"Lots of Slimes","floor":14,"turns":2},{"damage":27,"enemies":"The Guardian","floor":16,"turns":11},{"damage":22,"enemies":"2 Thieves","floor":18,"turns":3},{"damage":32,"enemies":"Slavers","floor":25,"turns":6},{"damage":20,"enemies":"Gremlin Leader","floor":27,"turns":5},{"damage":16,"enemies":"Shell Parasite","floor":31,"turns":6},{"damage":1,"enemies":"Champ","floor":33,"turns":26},{"damage":30,"enemies":"Orb Walker","floor":35,"turns":6},{"damage":58,"enemies":"3 Darklings","floor":38,"turns":6},{"damage":31,"enemies":"Jaw Worm Horde","floor":39,"turns":3},{"damage":31,"enemies":"Reptomancer","floor":41,"turns":7},{"damage":6,"enemies":"Transient","floor":46,"turns":5},{"damage":94,"enemies":"Giant Head","floor":48,"turns":10}],"seed_played":"243859026561673802","potions_obtained":[{"floor":2,"key":"Strength Potion"},{"floor":6,"key":"Regen Potion"},{"floor":11,"key":"Poison Potion"},{"floor":12,"key":"Fruit Juice"},{"floor":18,"key":"Fire Potion"},{"floor":25,"key":"LiquidBronze"},{"floor":35,"key":"BloodPotion"},{"floor":44,"key":"PowerPotion"}],"is_trial":false,"path_per_floor":["M","M","M","?","$","?","R","E","T","R","E","M","?","M","R","B",null,"M","?","$","?","?","R","?","E","T","E","?","R","?","M","R","B",null,"M","?","$","M","M","R","E","R","T","?","R","M","R","E"],"character_chosen":"IRONCLAD","items_purchased":["Juzu Bracelet","Armaments","Transmutation"],"campfire_rested":5,"item_purchase_floors":[5,20,20],"current_hp_per_floor":[78,78,82,82,82,82,82,76,76,76,67,58,59,61,61,40,75,63,63,63,50,50,50,50,28,28,30,30,58,58,50,78,89,97,75,75,75,25,15,44,21,50,50,50,50,52,81,0],"gold":225,"neow_bonus":"RANDOM_COMMON_RELIC","is_prod":false,"is_daily":false,"chose_seed":false,"campfire_upgraded":4,"win_rate":0,"timestamp":1558133076,"path_taken":["M","M","M","?","?","?","R","E","T","R","E","M","?","M","R","BOSS","M","?","$","?","?","R","?","E","T","E","?","R","?","M","R","BOSS","M","?","$","M","M","R","E","R","T","?","R","M","R","E"],"build_version":"2019-01-23","purchased_purges":1,"victory":false,"max_hp_per_floor":[82,82,82,82,82,82,82,82,82,82,82,87,87,87,87,87,87,91,91,91,91,91,91,91,95,95,95,95,95,95,95,95,99,99,99,94,94,94,98,98,98,98,98,98,98,98,98,98],"card_choices":[{"not_picked":["Rupture","Power Through"],"picked":"Twin Strike","floor":1},{"not_picked":["Burning Pact","Evolve"],"picked":"Shrug It Off","floor":2},{"not_picked":["Body Slam","Perfected Strike"],"picked":"Uppercut","floor":3},{"not_picked":["Sever Soul","Pommel Strike"],"picked":"Whirlwind","floor":8},{"not_picked":["Clash","Searing Blow"],"picked":"Evolve","floor":11},{"not_picked":["Whirlwind","Pommel Strike"],"picked":"Carnage","floor":12},{"not_picked":["Sword Boomerang","Cleave"],"picked":"Inflame","floor":13},{"not_picked":["Perfected Strike","Thunderclap","Sword Boomerang"],"picked":"SKIP","floor":14},{"not_picked":["Exhume","Feed"],"picked":"Barricade","floor":16},{"not_picked":["Iron Wave","Clash"],"picked":"Spot Weakness","floor":18},{"not_picked":["Carnage","Havoc+1","Wild Strike"],"picked":"SKIP","floor":25},{"not_picked":["Cleave","Armaments"],"picked":"Shrug It Off","floor":27},{"not_picked":["Flame Barrier","Feel No Pain"],"picked":"Offering","floor":31},{"not_picked":["Offering","Barricade"],"picked":"Demon Form","floor":33},{"not_picked":["Cleave","Havoc"],"picked":"Flame Barrier","floor":35},{"not_picked":["Spot Weakness","Twin Strike+1"],"picked":"Battle Trance","floor":38},{"not_picked":["Shrug It Off+1","Shockwave","Warcry"],"picked":"SKIP","floor":39},{"not_picked":["Pommel Strike","Reckless Charge","Anger"],"picked":"SKIP","floor":41},{"not_picked":["Seeing Red","Armaments","Sword Boomerang"],"picked":"SKIP","floor":46}],"player_experience":966272,"relics_obtained":[{"floor":4,"key":"Red Skull"},{"floor":8,"key":"Mummified Hand"},{"floor":9,"key":"War Paint"},{"floor":11,"key":"Incense Burner"},{"floor":13,"key":"Unceasing Top"},{"floor":25,"key":"Blood Vial"},{"floor":26,"key":"Vajra"},{"floor":27,"key":"Bag of Marbles"},{"floor":41,"key":"Happy Flower"},{"floor":41,"key":"Centennial Puzzle"}],"event_choices":[{"damage_healed":0,"gold_gain":0,"player_choice":"Relic","damage_taken":0,"max_hp_gain":0,"max_hp_loss":0,"event_name":"Wheel of Change","floor":4,"gold_loss":0},{"damage_healed":0,"gold_gain":0,"player_choice":"Got Potions","damage_taken":0,"max_hp_gain":0,"max_hp_loss":0,"event_name":"Lab","floor":6,"gold_loss":0},{"damage_healed":0,"gold_gain":0,"player_choice":"Searched \u00271\u0027 times","damage_taken":0,"max_hp_gain":0,"max_hp_loss":0,"event_name":"Dead Adventurer","floor":13,"gold_loss":0},{"damage_healed":0,"gold_gain":50,"player_choice":"Stole From Cult","damage_taken":0,"max_hp_gain":0,"max_hp_loss":0,"event_name":"Nest","floor":19,"gold_loss":0},{"damage_healed":0,"gold_gain":0,"player_choice":"Damaged","damage_taken":13,"max_hp_gain":0,"max_hp_loss":0,"event_name":"Wheel of Change","floor":21,"gold_loss":0},{"damage_healed":0,"gold_gain":0,"player_choice":"Read","damage_taken":0,"max_hp_gain":0,"max_hp_loss":0,"event_name":"The Library","floor":22,"gold_loss":0,"cards_obtained":["Entrench"]},{"damage_healed":0,"gold_gain":0,"player_choice":"Paid Fearfully","damage_taken":0,"max_hp_gain":0,"max_hp_loss":0,"event_name":"Masked Bandits","floor":24,"gold_loss":116},{"damage_healed":0,"gold_gain":0,"player_choice":"Ignored","damage_taken":0,"max_hp_gain":0,"max_hp_loss":0,"event_name":"Ghosts","floor":28,"gold_loss":0},{"cards_removed":["Strike_R"],"damage_healed":0,"gold_gain":0,"player_choice":"Purged","damage_taken":0,"max_hp_gain":0,"max_hp_loss":0,"event_name":"Purifier","floor":30,"gold_loss":0},{"damage_healed":0,"gold_gain":0,"player_choice":"Max HP","damage_taken":0,"max_hp_gain":0,"max_hp_loss":5,"event_name":"Winding Halls","floor":36,"gold_loss":0},{"damage_healed":0,"gold_gain":0,"player_choice":"Bought 1 Potion","damage_taken":0,"max_hp_gain":0,"max_hp_loss":0,"event_name":"The Woman in Blue","floor":44,"gold_loss":0}],"is_beta":false,"boss_relics":[{"not_picked":["Velvet Choker","Eternal Feather"],"picked":"Astrolabe"},{"not_picked":["Lizard Tail","Pandora\u0027s Box"],"picked":"Black Star"}],"items_purged_floors":[37],"is_endless":false,"potions_floor_spawned":[2,11,12,18,25,35,46],"killed_by":"Giant Head","ascension_level":15}