{"gold_per_floor":[118,118,118,133,151,151,151,194,217,242,242,256,77,77,77,77],"floor_reached":16,"playtime":429,"items_purged":["Strike_R"],"score":175,"play_id":"41dd86a8-3d0c-4031-99ef-2665e446df44","local_time":"20190731233737","is_ascension_mode":true,"campfire_choices":[{"data":"Bash","floor":6,"key":"SMITH"},{"floor":11,"key":"REST"},{"data":"Jack Of All Trades","floor":15,"key":"SMITH"}],"neow_cost":"NONE","seed_source_timestamp":470386484050500,"circlet_count":0,"master_deck":["AscendersBane","Strike_R","Strike_R","Strike_R","Strike_R","Defend_R","Defend_R","Defend_R","Defend_R","Bash+1","Seeing Red","Fire Breathing","Fire Breathing","Thunderclap","Disarm","Shrug It Off","Inflame","Jack Of All Trades+1"],"relics":["Burning Blood","Smiling Mask","Golden Idol","Question Card","Blood Vial","NlothsMask"],"potions_floor_usage":[8,8,12],"damage_taken":[{"damage":15,"enemies":"Small Slimes","floor":1,"turns":5},{"damage":13,"enemies":"Jaw Worm","floor":4,"turns":4},{"damage":1,"enemies":"Cultist","floor":5,"turns":4},{"damage":42,"enemies":"Lagavulin","floor":8,"turns":7},{"damage":20,"enemies":"3 Louse","floor":10,"turns":4},{"damage":9,"enemies":"Lots of Slimes","floor":12,"turns":3},{"damage":38,"enemies":"Slime Boss","floor":16,"turns":7}],"seed_played":"5188322024818293470","potions_obtained":[{"floor":4,"key":"FearPotion"},{"floor":5,"key":"Fire Potion"},{"floor":10,"key":"AttackPotion"}],"is_trial":false,"path_per_floor":["M","?","?","M","M","R","?","E","T","M","R","M","$","?","R","B"],"character_chosen":"IRONCLAD","items_purchased":["Inflame","Jack Of All Trades"],"campfire_rested":1,"item_purchase_floors":[13,13],"current_hp_per_floor":[66,61,61,54,59,59,59,23,23,11,35,34,34,34,34,0],"gold":77,"neow_bonus":"TEN_PERCENT_HP_BONUS","is_prod":false,"is_daily":false,"chose_seed":false,"campfire_upgraded":2,"win_rate":0,"timestamp":1564630657,"path_taken":["M","?","?","M","?","R","?","E","T","M","R","?","$","?","R","BOSS"],"build_version":"2019-07-17","purchased_purges":1,"victory":false,"max_hp_per_floor":[82,82,82,82,82,82,82,82,82,82,82,82,82,82,82,82],"card_choices":[{"not_picked":["Warcry","Blood for Blood"],"picked":"Seeing Red","floor":1},{"not_picked":["Havoc","Hemokinesis"],"picked":"Fire Breathing","floor":4},{"not_picked":["Evolve","Heavy Blade"],"picked":"Fire Breathing","floor":5},{"not_picked":["Fiend Fire","Entrench"],"picked":"Thunderclap","floor":8},{"not_picked":["Pommel Strike","Thunderclap","Iron Wave"],"picked":"Disarm","floor":10},{"not_picked":["Sever Soul","Blood for Blood","Burning Pact"],"picked":"Shrug It Off","floor":12}],"player_experience":1006974,"relics_obtained":[{"floor":8,"key":"Question Card"},{"floor":9,"key":"Blood Vial"}],"event_choices":[{"damage_healed":0,"gold_gain":0,"player_choice":"Success","damage_taken":5,"relics_obtained":["Smiling Mask"],"max_hp_gain":0,"max_hp_loss":0,"event_name":"Scrap Ooze","floor":2,"gold_loss":0},{"damage_healed":0,"gold_gain":0,"player_choice":"Take Wound","damage_taken":0,"relics_obtained":["Golden Idol"],"max_hp_gain":0,"max_hp_loss":0,"event_name":"Golden Idol","floor":3,"gold_loss":0,"cards_obtained":["Injury"]},{"cards_removed":["Injury"],"damage_healed":0,"gold_gain":0,"player_choice":"Removed Curses","damage_taken":0,"max_hp_gain":0,"max_hp_loss":0,"event_name":"Fountain of Cleansing","floor":7,"gold_loss":0},{"damage_healed":0,"gold_gain":0,"player_choice":"Trade","damage_taken":0,"relics_obtained":["NlothsMask"],"max_hp_gain":0,"max_hp_loss":0,"event_name":"FaceTrader","floor":14,"gold_loss":0}],"is_beta":false,"boss_relics":[],"items_purged_floors":[13],"is_endless":false,"potions_floor_spawned":[4,5,10],"killed_by":"Slime Boss","ascension_level":15}