{"gold_per_floor":[11,26,26,26,0,0,33,33,33,33,68,93,111,76,76,76],"floor_reached":16,"playtime":536,"items_purged":[],"score":186,"play_id":"57fed941-ec16-496a-a1df-20c1949d38f2","local_time":"20190822131618","is_ascension_mode":true,"campfire_choices":[{"data":"Rampage","floor":6,"key":"SMITH"},{"data":"1","floor":10,"key":"LIFT"},{"data":"2","floor":15,"key":"LIFT"}],"neow_cost":"NO_GOLD","seed_source_timestamp":117896784000,"circlet_count":0,"master_deck":["AscendersBane","Strike_R","Strike_R+1","Strike_R+1","Defend_R","Defend_R","Defend_R","Defend_R","Bash","Shockwave","Seeing Red","Rampage+1","Cleave","Shrug It Off","Flex"],"relics":["Burning Blood","WingedGreaves","Strawberry","Girya","Whetstone","Anchor"],"potions_floor_usage":[11],"damage_taken":[{"damage":14,"enemies":"Jaw Worm","floor":1,"turns":6},{"damage":18,"enemies":"Small Slimes","floor":2,"turns":5},{"damage":27,"enemies":"Lagavulin","floor":7,"turns":7},{"damage":28,"enemies":"3 Sentries","floor":11,"turns":6},{"damage":0,"enemies":"2 Louse","floor":13,"turns":2},{"damage":58,"enemies":"Hexaghost","floor":16,"turns":10}],"seed_played":"-5208555167977025844","potions_obtained":[{"floor":7,"key":"EssenceOfSteel"}],"is_trial":false,"path_per_floor":["M","M","?","?","?","R","E","?","T","R","E","T","M","?","R","B"],"character_chosen":"IRONCLAD","items_purchased":[],"campfire_rested":0,"item_purchase_floors":[],"current_hp_per_floor":[60,48,48,41,41,41,27,54,54,54,32,32,38,58,58,0],"gold":76,"neow_bonus":"ONE_RARE_RELIC","is_prod":false,"is_daily":false,"chose_seed":false,"campfire_upgraded":1,"win_rate":0,"timestamp":1566494178,"path_taken":["M","M","?","?","?","R","E","?","T","R","E","?","?","?","R","BOSS"],"build_version":"2019-07-17","purchased_purges":0,"victory":false,"max_hp_per_floor":[75,75,75,75,75,75,82,82,82,82,82,82,82,82,82,82],"card_choices":[{"not_picked":["Flex","Perfected Strike"],"picked":"Shockwave","floor":1},{"not_picked":["Shockwave","Twin Strike"],"picked":"Seeing Red","floor":2},{"not_picked":["Clothesline","Body Slam"],"picked":"Cleave","floor":7},{"not_picked":["Fiend Fire","Perfected Strike"],"picked":"Shrug It Off","floor":11},{"not_picked":["Twin Strike","Cleave"],"picked":"Flex","floor":13}],"player_experience":1007403,"relics_obtained":[{"floor":7,"key":"Strawberry"},{"floor":9,"key":"Girya"},{"floor":11,"key":"Whetstone"},{"floor":12,"key":"Anchor"}],"event_choices":[{"damage_healed":0,"gold_gain":0,"cards_transformed":["Strike_R"],"player_choice":"Change","damage_taken":0,"max_hp_gain":0,"max_hp_loss":0,"event_name":"Living Wall","floor":3,"gold_loss":0,"cards_obtained":["Rampage"]},{"cards_removed":["Strike_R"],"damage_healed":0,"gold_gain":0,"player_choice":"Card Removal","damage_taken":7,"max_hp_gain":0,"max_hp_loss":0,"event_name":"Golden Wing","floor":4,"gold_loss":0},{"damage_healed":0,"gold_gain":0,"player_choice":"Left Gold","damage_taken":0,"max_hp_gain":0,"max_hp_loss":0,"event_name":"World of Goop","floor":5,"gold_loss":26},{"damage_healed":27,"gold_gain":0,"player_choice":"Banana","damage_taken":0,"max_hp_gain":0,"max_hp_loss":0,"event_name":"Big Fish","floor":8,"gold_loss":0},{"damage_healed":20,"gold_gain":0,"player_choice":"Healed","damage_taken":0,"max_hp_gain":0,"max_hp_loss":0,"event_name":"The Cleric","floor":14,"gold_loss":35}],"is_beta":false,"boss_relics":[],"items_purged_floors":[],"is_endless":false,"potions_floor_spawned":[7],"killed_by":"Hexaghost","ascension_level":15}