{"gold_per_floor":[116,74,74,84,134,168,168,193,220,233,233,115,127,155,155,226,226,238,27,27,27,27,27,27,54,80,80,80],"floor_reached":28,"playtime":713,"items_purged":[],"score":520,"play_id":"a880cbdd-c8d0-4893-80ca-3495ebc38142","local_time":"20190928180005","is_ascension_mode":true,"campfire_choices":[{"data":"Armaments","floor":7,"key":"SMITH"},{"data":"Feed","floor":11,"key":"SMITH"},{"data":"Demon Form","floor":15,"key":"SMITH"},{"data":"Bash","floor":23,"key":"SMITH"},{"floor":27,"key":"REST"}],"neow_cost":"NONE","seed_source_timestamp":215573706750400,"circlet_count":0,"master_deck":["AscendersBane","Strike_R","Strike_R+1","Defend_R","Defend_R","Defend_R","Defend_R","Bash+1","Cleave","Dropkick","Armaments+1","Feed+1","Feel No Pain","Metallicize","Feel No Pain","Reckless Charge","Reckless Charge+1","Demon Form+1","Fiend Fire","Wild Strike+1","Combust+1","Impervious+1","Dropkick","Heavy Blade"],"relics":["Burning Blood","NeowsBlessing","Bronze Scales","Oddly Smooth Stone","Regal Pillow","Omamori","Astrolabe","Strange Spoon","Bag of Preparation","Whetstone","Red Skull"],"potions_floor_usage":[25,28],"damage_taken":[{"damage":0,"enemies":"2 Louse","floor":1,"turns":1},{"damage":0,"enemies":"Jaw Worm","floor":4,"turns":1},{"damage":0,"enemies":"Gremlin Nob","floor":6,"turns":1},{"damage":30,"enemies":"Lagavulin","floor":8,"turns":5},{"damage":9,"enemies":"Cultist","floor":10,"turns":5},{"damage":5,"enemies":"Red Slaver","floor":13,"turns":4},{"damage":18,"enemies":"3 Sentries","floor":14,"turns":9},{"damage":30,"enemies":"Hexaghost","floor":16,"turns":6},{"damage":28,"enemies":"Spheric Guardian","floor":18,"turns":6},{"damage":40,"enemies":"Slavers","floor":25,"turns":5},{"damage":81,"enemies":"Gremlin Leader","floor":28,"turns":4}],"seed_played":"7989692357287554703","potions_obtained":[{"floor":4,"key":"Block Potion"},{"floor":6,"key":"Strength Potion"},{"floor":25,"key":"EssenceOfSteel"}],"is_trial":false,"path_per_floor":["M","$","?","M","?","E","R","E","T","M","R","$","M","E","R","B",null,"M","$","?","?","?","R","$","E","T","R","E"],"character_chosen":"IRONCLAD","items_purchased":["Dropkick","Feel No Pain","Reckless Charge","Strange Spoon"],"campfire_rested":1,"item_purchase_floors":[2,12,12,19],"current_hp_per_floor":[74,74,79,80,80,80,80,59,59,59,59,59,64,56,56,36,83,61,61,61,61,61,61,61,31,31,76,0],"gold":80,"neow_bonus":"THREE_ENEMY_KILL","is_prod":false,"is_daily":false,"chose_seed":false,"campfire_upgraded":4,"win_rate":0,"timestamp":1569708005,"path_taken":["M","$","?","M","?","E","R","E","T","?","R","?","M","E","R","BOSS","M","$","?","?","?","R","$","E","T","R","E"],"build_version":"2019-07-17","purchased_purges":0,"victory":false,"max_hp_per_floor":[75,75,80,80,80,80,80,83,83,86,86,86,90,94,94,98,98,98,98,98,98,98,98,98,102,102,102,102],"card_choices":[{"not_picked":["Thunderclap","Heavy Blade"],"picked":"Cleave","floor":1},{"not_picked":["Flame Barrier","Burning Pact"],"picked":"Armaments","floor":4},{"not_picked":["Searing Blow","Sentinel"],"picked":"Feed","floor":6},{"not_picked":["Heavy Blade","Cleave"],"picked":"Feel No Pain","floor":8},{"not_picked":["Headbutt","Armaments"],"picked":"Metallicize","floor":10},{"not_picked":["Body Slam","Anger"],"picked":"Reckless Charge","floor":13},{"not_picked":["Twin Strike","Heavy Blade"],"picked":"Demon Form","floor":14},{"not_picked":["Feed","Demon Form"],"picked":"Fiend Fire","floor":16},{"not_picked":["Clash","Cleave"],"picked":"Dropkick","floor":18},{"not_picked":["Twin Strike","Bludgeon","Heavy Blade"],"picked":"SKIP","floor":25},{"not_picked":["Twin Strike","Bludgeon"],"picked":"Heavy Blade","floor":25}],"player_experience":1024595,"relics_obtained":[{"floor":6,"key":"Bronze Scales"},{"floor":8,"key":"Oddly Smooth Stone"},{"floor":9,"key":"Regal Pillow"},{"floor":14,"key":"Omamori"},{"floor":25,"key":"Whetstone"},{"floor":26,"key":"Red Skull"}],"event_choices":[{"damage_healed":0,"gold_gain":0,"player_choice":"Donut","damage_taken":0,"max_hp_gain":5,"max_hp_loss":0,"event_name":"Big Fish","floor":3,"gold_loss":0},{"damage_healed":0,"gold_gain":50,"player_choice":"Pray","damage_taken":0,"max_hp_gain":0,"max_hp_loss":0,"event_name":"Golden Shrine","floor":5,"gold_loss":0},{"damage_healed":0,"gold_gain":0,"player_choice":"Ignored","damage_taken":0,"max_hp_gain":0,"max_hp_loss":0,"event_name":"Vampires","floor":20,"gold_loss":0},{"damage_healed":0,"gold_gain":0,"player_choice":"Stole Relic","damage_taken":0,"relics_obtained":["Bag of Preparation"],"max_hp_gain":0,"max_hp_loss":0,"event_name":"Addict","floor":21,"gold_loss":0,"cards_obtained":["Shame"]},{"damage_healed":0,"gold_gain":0,"player_choice":"Ignored","damage_taken":0,"max_hp_gain":0,"max_hp_loss":0,"event_name":"Ghosts","floor":22,"gold_loss":0}],"is_beta":false,"boss_relics":[{"not_picked":["White Beast Statue","Coffee Dripper"],"picked":"Astrolabe"}],"items_purged_floors":[],"is_endless":false,"potions_floor_spawned":[4,6,13,25],"killed_by":"Gremlin Leader","ascension_level":16}