{"gold_per_floor":[369,379,379,9,22,49,49,124,148,148,174,188,188,205,205,279,279,298,223,223,12,27,53,53,53,77,112,122,140,152,184,184,260,260,274,2,2,16,16,16],"floor_reached":41,"playtime":2417,"items_purged":[],"score":1216,"play_id":"7c67254c-ce22-41c2-a32a-121ea5b80bb8","local_time":"20191016150309","is_ascension_mode":true,"campfire_choices":[{"data":"Havoc","floor":7,"key":"SMITH"},{"floor":10,"key":"REST"},{"data":"Disarm","floor":15,"key":"SMITH"},{"floor":24,"key":"REST"},{"floor":32,"key":"REST"}],"neow_cost":"CURSE","seed_source_timestamp":1451687129090900,"circlet_count":0,"master_deck":["AscendersBane","Strike_R+1","Strike_R+1","Strike_R+1","Strike_R+1","Defend_R+1","Defend_R+1","Defend_R+1","Defend_R+1","Bash","Cleave","True Grit","Battle Trance","Havoc+1","Spot Weakness","Disarm+1","Barricade","Havoc","Magnetism","Sentinel","Body Slam","Feel No Pain","Infernal Blade","Entrench","Offering","Inflame","Writhe","Seeing Red"],"relics":["Black Blood","Dead Branch","Boot","Vajra","Fusion Hammer","Dodecahedron","Orichalcum","Mango","Pear","OrangePellets"],"potions_floor_usage":[16,27,30,30,30,33,40],"damage_taken":[{"damage":2,"enemies":"Small Slimes","floor":1,"turns":3},{"damage":8,"enemies":"2 Louse","floor":2,"turns":2},{"damage":0,"enemies":"Cultist","floor":5,"turns":3},{"damage":27,"enemies":"Lagavulin","floor":6,"turns":7},{"damage":28,"enemies":"3 Sentries","floor":11,"turns":9},{"damage":0,"enemies":"Looter","floor":12,"turns":3},{"damage":6,"enemies":"2 Fungi Beasts","floor":14,"turns":2},{"damage":40,"enemies":"The Guardian","floor":16,"turns":14},{"damage":30,"enemies":"3 Byrds","floor":18,"turns":6},{"damage":4,"enemies":"Chosen","floor":22,"turns":5},{"damage":16,"enemies":"Book of Stabbing","floor":23,"turns":6},{"damage":23,"enemies":"Gremlin Leader","floor":27,"turns":7},{"damage":14,"enemies":"Shelled Parasite and Fungi","floor":28,"turns":6},{"damage":4,"enemies":"Centurion and Healer","floor":29,"turns":7},{"damage":8,"enemies":"Snake Plant","floor":30,"turns":5},{"damage":19,"enemies":"Book of Stabbing","floor":31,"turns":4},{"damage":54,"enemies":"Collector","floor":33,"turns":12},{"damage":6,"enemies":"Orb Walker","floor":35,"turns":2},{"damage":30,"enemies":"3 Darklings","floor":38,"turns":5},{"damage":44,"enemies":"Awakened One","floor":40,"turns":7}],"seed_played":"-1877780480244832234","potions_obtained":[{"floor":1,"key":"EssenceOfSteel"},{"floor":11,"key":"FearPotion"},{"floor":12,"key":"Fire Potion"},{"floor":18,"key":"Ancient Potion"},{"floor":23,"key":"SkillPotion"},{"floor":29,"key":"EntropicBrew"},{"floor":30,"key":"Swift Potion"}],"is_trial":false,"path_per_floor":["M","M","?","$","M","E","R","?","T","R","E","M","?","M","R","B",null,"M","?","?","$","M","E","R","$","T","E","M","M","M","E","R","B",null,"M","$","?","M","?","B",null],"character_chosen":"IRONCLAD","items_purchased":["Dead Branch","True Grit","Magnetism","OrangePellets","Inflame"],"campfire_rested":3,"item_purchase_floors":[4,4,21,36,36],"current_hp_per_floor":[72,70,70,70,75,54,54,43,43,65,43,49,49,49,49,15,60,36,36,36,36,38,28,50,50,50,47,39,41,39,36,65,32,82,86,86,99,79,79,45],"gold":16,"neow_bonus":"TWO_FIFTY_GOLD","is_prod":false,"is_daily":false,"chose_seed":false,"campfire_upgraded":2,"win_rate":0,"timestamp":1571252589,"path_taken":["M","M","?","$","M","E","R","?","T","R","E","M","?","?","R","BOSS","M","?","?","$","M","E","R","$","T","E","?","M","M","E","R","BOSS","M","$","?","M","?","BOSS"],"build_version":"2019-07-17","purchased_purges":0,"victory":true,"max_hp_per_floor":[75,75,75,75,75,75,75,75,75,75,75,75,75,75,75,75,75,75,75,75,75,75,75,75,75,75,89,89,89,89,99,99,99,99,99,99,99,99,99,99],"card_choices":[{"not_picked":["Pommel Strike","Power Through"],"picked":"Cleave","floor":1},{"not_picked":["Havoc","Battle Trance"],"picked":"Perfected Strike","floor":2},{"not_picked":["Shrug It Off","Combust"],"picked":"Battle Trance","floor":5},{"not_picked":["Pummel","Intimidate"],"picked":"Havoc","floor":6},{"not_picked":["Thunderclap","Flex"],"picked":"Spot Weakness","floor":11},{"not_picked":["Bludgeon","Pommel Strike","Headbutt"],"picked":"SKIP","floor":12},{"not_picked":["Evolve","Wild Strike"],"picked":"Disarm","floor":14},{"not_picked":["Fiend Fire","Feed"],"picked":"Barricade","floor":16},{"not_picked":["True Grit","Clothesline+1"],"picked":"Havoc","floor":18},{"not_picked":["Flex","Twin Strike"],"picked":"Sentinel","floor":22},{"not_picked":["Warcry","Rupture"],"picked":"Body Slam","floor":23},{"not_picked":["Rampage","Carnage"],"picked":"Feel No Pain","floor":27},{"not_picked":["Iron Wave","Power Through+1","Headbutt"],"picked":"SKIP","floor":28},{"not_picked":["Anger+1","Searing Blow+1","Burning Pact"],"picked":"SKIP","floor":29},{"not_picked":["True Grit","Warcry"],"picked":"Infernal Blade","floor":30},{"not_picked":["Perfected Strike","Headbutt"],"picked":"Entrench","floor":31},{"not_picked":["Fiend Fire","Reaper"],"picked":"Offering","floor":33},{"not_picked":["Sword Boomerang+1","Uppercut","Burning Pact"],"picked":"SKIP","floor":35},{"not_picked":["Dropkick+1","Evolve+1"],"picked":"Seeing Red","floor":38}],"player_experience":1032479,"relics_obtained":[{"floor":6,"key":"Boot"},{"floor":11,"key":"Vajra"},{"floor":23,"key":"Dodecahedron"},{"floor":26,"key":"Orichalcum"},{"floor":27,"key":"Mango"},{"floor":31,"key":"Pear"}],"event_choices":[{"cards_removed":["Decay"],"damage_healed":0,"gold_gain":0,"player_choice":"Forget","damage_taken":0,"max_hp_gain":0,"max_hp_loss":0,"event_name":"Living Wall","floor":3,"gold_loss":0},{"damage_healed":0,"gold_gain":75,"player_choice":"Gather Gold","damage_taken":11,"max_hp_gain":0,"max_hp_loss":0,"event_name":"World of Goop","floor":8,"gold_loss":0},{"cards_removed":["Strike_R"],"damage_healed":0,"gold_gain":0,"player_choice":"Card Removal","damage_taken":0,"max_hp_gain":0,"max_hp_loss":0,"event_name":"Wheel of Change","floor":13,"gold_loss":0},{"cards_removed":["Perfected Strike"],"damage_healed":0,"gold_gain":0,"player_choice":"Gave Gold","damage_taken":0,"max_hp_gain":0,"max_hp_loss":0,"event_name":"Beggar","floor":19,"gold_loss":75},{"damage_healed":0,"gold_gain":0,"player_choice":"Simplicity","damage_taken":0,"max_hp_gain":0,"max_hp_loss":0,"event_name":"Back to Basics","floor":20,"gold_loss":0,"cards_upgraded":["Strike_R","Strike_R","Strike_R","Strike_R","Defend_R","Defend_R","Defend_R","Defend_R"]},{"damage_healed":20,"gold_gain":0,"player_choice":"Writhe","damage_taken":0,"max_hp_gain":0,"max_hp_loss":0,"event_name":"Winding Halls","floor":37,"gold_loss":0,"cards_obtained":["Writhe"]},{"damage_healed":0,"gold_gain":0,"player_choice":"Took Portal","damage_taken":0,"max_hp_gain":0,"max_hp_loss":0,"event_name":"SecretPortal","floor":39,"gold_loss":0}],"is_beta":false,"boss_relics":[{"not_picked":["Sozu","Empty Cage"],"picked":"Fusion Hammer"},{"not_picked":["Runic Dome","Runic Cube"],"picked":"Black Blood"}],"items_purged_floors":[],"is_endless":false,"potions_floor_spawned":[1,11,12,18,23,29,30],"ascension_level":16}