{"gold_per_floor":[20,34,34,34,50,81,81,81,108,143,162,162,178,216,216,315,315,338,2,27,27,27,66,86,86,86,86,86,122,122,143,143,234,234,247,307,640,657,127,127,154,154,154,185,199,71,346,360,360,360,360,360,61,96,96],"floor_reached":55,"playtime":4005,"items_purged":["Strike_R"],"score":1474,"play_id":"2893d787-16d2-40cd-ba48-b74ee73fedcd","local_time":"20200914222713","is_ascension_mode":true,"campfire_choices":[{"data":"Armaments","floor":7,"key":"SMITH"},{"floor":12,"key":"REST"},{"data":"Feel No Pain","floor":15,"key":"SMITH"},{"floor":25,"key":"REST"},{"data":"Searing Blow+1","floor":28,"key":"SMITH"},{"data":"Searing Blow+2","floor":30,"key":"SMITH"},{"data":"Searing Blow+3","floor":32,"key":"SMITH"},{"data":"Searing Blow+4","floor":40,"key":"SMITH"},{"floor":42,"key":"REST"},{"floor":49,"key":"RECALL"},{"data":"Searing Blow+5","floor":52,"key":"SMITH"}],"neow_cost":"NO_GOLD","seed_source_timestamp":907729674898000,"circlet_count":0,"master_deck":["AscendersBane","Defend_R","Defend_R","Defend_R","Bash","Second Wind","Armaments+1","Body Slam","Feel No Pain+1","Metallicize","Exhume","Infernal Blade","Shrug It Off","Reckless Charge","Barricade","Uppercut+1","Reaper+1","Searing Blow+6","Disarm","Reckless Charge","Feel No Pain+1","Exhume","Spot Weakness","Fiend Fire","Feel No Pain+1","Ghostly Armor","Havoc","Regret"],"relics":["Burning Blood","Ancient Tea Set","Regal Pillow","InkBottle","Potion Belt","Astrolabe","Membership Card","Torii","The Courier","Juzu Bracelet","Pen Nib","Busted Crown","Charon\u0027s Ashes","DollysMirror","Thread and Needle","Eternal Feather","Nunchaku","Art of War","Anchor","Molten Egg 2","Du-Vu Doll","MealTicket","Lantern","Orichalcum","StoneCalendar","HornCleat","Red Skull","Akabeko"],"potions_floor_usage":[10,16,16,16,16,33,38,41,44,50,55],"damage_taken":[{"damage":2,"enemies":"Jaw Worm","floor":1,"turns":6},{"damage":7,"enemies":"Small Slimes","floor":2,"turns":4},{"damage":1,"enemies":"Cultist","floor":5,"turns":4},{"damage":13,"enemies":"3 Sentries","floor":6,"turns":16},{"damage":41,"enemies":"Lagavulin","floor":10,"turns":8},{"damage":0,"enemies":"2 Fungi Beasts","floor":11,"turns":4},{"damage":0,"enemies":"Red Slaver","floor":13,"turns":3},{"damage":6,"enemies":"3 Sentries","floor":14,"turns":14},{"damage":68,"enemies":"The Guardian","floor":16,"turns":17},{"damage":15,"enemies":"Chosen","floor":18,"turns":9},{"damage":9,"enemies":"Shell Parasite","floor":20,"turns":8},{"damage":46,"enemies":"Book of Stabbing","floor":23,"turns":11},{"damage":19,"enemies":"Chosen and Byrds","floor":24,"turns":11},{"damage":23,"enemies":"Slavers","floor":29,"turns":11},{"damage":15,"enemies":"Centurion and Healer","floor":31,"turns":7},{"damage":41,"enemies":"Collector","floor":33,"turns":16},{"damage":0,"enemies":"3 Shapes","floor":35,"turns":7},{"damage":53,"enemies":"2 Orb Walkers","floor":36,"turns":5},{"damage":18,"enemies":"Orb Walker","floor":38,"turns":4},{"damage":31,"enemies":"Giant Head","floor":41,"turns":8},{"damage":24,"enemies":"Reptomancer","floor":44,"turns":6},{"damage":13,"enemies":"Sphere and 2 Shapes","floor":45,"turns":7},{"damage":30,"enemies":"3 Darklings","floor":48,"turns":8},{"damage":52,"enemies":"Awakened One","floor":50,"turns":15},{"damage":23,"enemies":"Shield and Spear","floor":54,"turns":9},{"damage":88,"enemies":"The Heart","floor":55,"turns":6}],"seed_played":"-6681369315968873954","potions_obtained":[{"floor":5,"key":"SkillPotion"},{"floor":6,"key":"EntropicBrew"},{"floor":11,"key":"ColorlessPotion"},{"floor":16,"key":"Regen Potion"},{"floor":18,"key":"ElixirPotion"},{"floor":20,"key":"Ancient Potion"},{"floor":36,"key":"Weak Potion"},{"floor":41,"key":"SteroidPotion"},{"floor":44,"key":"AttackPotion"}],"is_trial":false,"path_per_floor":["M","M","$","?","M","E","R","?","T","E","M","R","M","E","R","B",null,"M","$","M","$","?","E","M","R","T","T","R","E","R","M","R","B",null,"M","?","?","M","$","R","E","R","T","E","M","$","?","M","R","B",null,"R","$","E","B"],"character_chosen":"IRONCLAD","items_purchased":["Membership Card","Torii","DollysMirror","Thread and Needle","Eternal Feather","Nunchaku","Art of War","Anchor","Lantern","Orichalcum","StoneCalendar","HornCleat","Red Skull"],"campfire_rested":3,"item_purchase_floors":[19,19,39,39,39,39,39,39,46,46,53,53,53],"current_hp_per_floor":[72,71,71,71,75,68,68,68,68,33,39,75,75,75,75,13,60,56,56,53,53,53,20,14,51,51,51,51,54,54,69,69,49,69,75,28,28,21,21,36,20,72,72,54,50,65,65,69,75,71,74,75,75,75,0],"gold":96,"neow_bonus":"TRANSFORM_TWO_CARDS","is_prod":false,"is_daily":false,"chose_seed":false,"campfire_upgraded":7,"win_rate":0,"timestamp":1600136833,"path_taken":["M","M","$","?","M","E","R","?","T","E","M","R","M","E","R","BOSS","M","$","M","?","?","E","?","R","T","?","R","E","R","M","R","BOSS","M","?","?","M","$","R","E","R","T","E","M","$","?","M","R","BOSS","R","$","E","BOSS"],"build_version":"2020-07-30","purchased_purges":1,"victory":false,"max_hp_per_floor":[75,75,75,75,75,75,75,75,75,75,75,75,75,75,75,75,75,75,75,75,75,75,75,75,75,75,75,75,75,75,75,75,75,75,75,75,75,75,75,75,75,75,75,75,75,75,75,75,75,75,75,75,75,75,75],"card_choices":[{"not_picked":["Perfected Strike","Rupture"],"picked":"Body Slam","floor":1},{"not_picked":["Searing Blow","Perfected Strike"],"picked":"Feel No Pain","floor":2},{"not_picked":["Headbutt","Perfected Strike"],"picked":"Metallicize","floor":5},{"not_picked":["Anger","Reckless Charge"],"picked":"Exhume","floor":6},{"not_picked":["Inflame","Intimidate"],"picked":"Infernal Blade","floor":10},{"not_picked":["Warcry","Thunderclap"],"picked":"Shrug It Off","floor":11},{"not_picked":["Hemokinesis","Twin Strike","Second Wind"],"picked":"SKIP","floor":13},{"not_picked":["True Grit","Rupture"],"picked":"Reckless Charge","floor":14},{"not_picked":["Bludgeon","Exhume"],"picked":"Barricade","floor":16},{"not_picked":["Clothesline","Thunderclap"],"picked":"Disarm","floor":18},{"not_picked":["Flex","Warcry"],"picked":"Reckless Charge","floor":20},{"not_picked":["Whirlwind","Rage","Twin Strike"],"picked":"SKIP","floor":23},{"not_picked":["Havoc","Shockwave"],"picked":"Exhume","floor":24},{"not_picked":["Headbutt","Rage"],"picked":"Spot Weakness","floor":29},{"not_picked":["Cleave","Iron Wave","Inflame"],"picked":"SKIP","floor":31},{"not_picked":["Brutality","Demon Form"],"picked":"Fiend Fire","floor":33},{"not_picked":["Clothesline"],"picked":"SKIP","floor":35},{"not_picked":["Cleave+1"],"picked":"SKIP","floor":38},{"not_picked":["Metallicize"],"picked":"SKIP","floor":41},{"not_picked":[],"picked":"Ghostly Armor","floor":44},{"not_picked":[],"picked":"Havoc","floor":45},{"not_picked":["Clash+1"],"picked":"SKIP","floor":48},{"not_picked":["Anger+1"],"picked":"SKIP","floor":54}],"player_experience":1149741,"relics_obtained":[{"floor":6,"key":"Ancient Tea Set"},{"floor":9,"key":"Regal Pillow"},{"floor":10,"key":"InkBottle"},{"floor":14,"key":"Potion Belt"},{"floor":23,"key":"The Courier"},{"floor":26,"key":"Juzu Bracelet"},{"floor":29,"key":"Pen Nib"},{"floor":36,"key":"Charon\u0027s Ashes"},{"floor":41,"key":"Molten Egg 2"},{"floor":43,"key":"Du-Vu Doll"},{"floor":44,"key":"MealTicket"},{"floor":54,"key":"Akabeko"}],"event_choices":[{"damage_healed":0,"gold_gain":0,"player_choice":"Take Wound","damage_taken":0,"relics_obtained":["Golden Idol"],"max_hp_gain":0,"max_hp_loss":0,"event_name":"Golden Idol","floor":4,"gold_loss":0,"cards_obtained":["Injury"]},{"cards_removed":["Injury"],"damage_healed":0,"gold_gain":0,"player_choice":"Removed Curses","damage_taken":0,"max_hp_gain":0,"max_hp_loss":0,"event_name":"Fountain of Cleansing","floor":8,"gold_loss":0},{"damage_healed":0,"gold_gain":0,"player_choice":"Copied","damage_taken":0,"max_hp_gain":0,"max_hp_loss":0,"event_name":"Duplicator","floor":22,"gold_loss":0,"cards_obtained":["Feel No Pain"]},{"damage_healed":0,"gold_gain":0,"player_choice":"Fight","damage_taken":0,"max_hp_gain":0,"max_hp_loss":0,"event_name":"Mysterious Sphere","floor":36,"gold_loss":0},{"damage_healed":0,"gold_gain":333,"player_choice":"Gave Idol","damage_taken":0,"max_hp_gain":0,"max_hp_loss":0,"event_name":"The Moai Head","floor":37,"relics_lost":["Golden Idol"],"gold_loss":0},{"damage_healed":0,"gold_gain":275,"player_choice":"Desecrate","damage_taken":0,"max_hp_gain":0,"max_hp_loss":0,"event_name":"Golden Shrine","floor":47,"gold_loss":0,"cards_obtained":["Regret"]}],"is_beta":false,"boss_relics":[{"not_picked":["Velvet Choker","Coffee Dripper"],"picked":"Astrolabe"},{"not_picked":["Pandora\u0027s Box","Cursed Key"],"picked":"Busted Crown"}],"items_purged_floors":[39],"is_endless":false,"potions_floor_spawned":[5,6,11,13,16,18,20,29,31,36,41,44],"killed_by":"The Heart","ascension_level":17}