{"gold_per_floor":[111,186,186,199,142,155,155,184,184,194,194,194],"floor_reached":12,"playtime":221,"items_purged":[],"score":152,"play_id":"d4f7b8fe-adc1-4aee-addc-351ce6895915","local_time":"20201015211947","is_ascension_mode":true,"campfire_choices":[{"data":"Body Slam","floor":7,"key":"SMITH"},{"data":"Armaments","floor":11,"key":"SMITH"}],"neow_cost":"NONE","seed_source_timestamp":277361266727400,"circlet_count":0,"master_deck":["AscendersBane","Strike_R+1","Strike_R","Strike_R","Strike_R","Strike_R","Defend_R","Defend_R+1","Defend_R","Defend_R","Bash","Body Slam+1","Iron Wave","Shrug It Off","Demon Form","Armaments+1","Ghostly Armor"],"relics":["Burning Blood","NeowsBlessing","The Courier","Darkstone Periapt"],"potions_floor_usage":[],"damage_taken":[{"damage":1,"enemies":"2 Louse","floor":1,"turns":2},{"damage":0,"enemies":"Jaw Worm","floor":4,"turns":1},{"damage":0,"enemies":"Small Slimes","floor":6,"turns":1},{"damage":12,"enemies":"Lagavulin","floor":8,"turns":7},{"damage":20,"enemies":"Exordium Thugs","floor":10,"turns":5},{"damage":51,"enemies":"Gremlin Nob","floor":12,"turns":4}],"seed_played":"-4079611743206095032","potions_obtained":[{"floor":8,"key":"EssenceOfSteel"}],"is_trial":false,"path_per_floor":["M","?","?","M","$","M","R","E","T","M","R","E"],"character_chosen":"IRONCLAD","items_purchased":["Shrug It Off"],"campfire_rested":0,"item_purchase_floors":[5],"current_hp_per_floor":[73,62,39,45,45,51,51,45,45,31,31,0],"gold":194,"neow_bonus":"THREE_ENEMY_KILL","is_prod":false,"is_daily":false,"chose_seed":false,"campfire_upgraded":2,"win_rate":0,"timestamp":1602811187,"path_taken":["M","?","?","M","$","M","R","E","T","M","R","E"],"build_version":"2020-07-30","purchased_purges":0,"victory":false,"max_hp_per_floor":[75,75,75,75,75,75,75,75,75,75,75,75],"card_choices":[{"not_picked":["Twin Strike","Hemokinesis"],"picked":"Body Slam","floor":1},{"not_picked":["Dual Wield","Warcry"],"picked":"Iron Wave","floor":4},{"not_picked":["Headbutt","Burning Pact"],"picked":"Demon Form","floor":6},{"not_picked":["Seeing Red","Shrug It Off"],"picked":"Armaments","floor":8},{"not_picked":["Searing Blow","Clash"],"picked":"Ghostly Armor","floor":10}],"player_experience":1218483,"relics_obtained":[{"floor":8,"key":"The Courier"},{"floor":9,"key":"Darkstone Periapt"}],"event_choices":[{"damage_healed":0,"gold_gain":75,"player_choice":"Gather Gold","damage_taken":11,"max_hp_gain":0,"max_hp_loss":0,"event_name":"World of Goop","floor":2,"gold_loss":0},{"damage_healed":0,"gold_gain":0,"player_choice":"Entered Light","damage_taken":23,"max_hp_gain":0,"max_hp_loss":0,"event_name":"Shining Light","floor":3,"gold_loss":0,"cards_upgraded":["Strike_R","Defend_R"]}],"is_beta":false,"boss_relics":[],"items_purged_floors":[],"is_endless":false,"potions_floor_spawned":[8],"killed_by":"Gremlin Nob","ascension_level":19}