{"gold_per_floor":[111,25,35,35,52,84,159,189,189,189,206,171,171,171,171,171],"floor_reached":16,"playtime":387,"items_purged":[],"score":211,"play_id":"c9975954-15f3-43c4-8de2-5aa08cf4a822","local_time":"20201016210130","is_ascension_mode":true,"campfire_choices":[{"data":"Feed","floor":10,"key":"SMITH"},{"data":"Armaments","floor":13,"key":"SMITH"},{"floor":15,"key":"REST"}],"neow_cost":"NONE","seed_source_timestamp":362504967893500,"circlet_count":0,"master_deck":["AscendersBane","Strike_R","Strike_R","Strike_R","Strike_R","Defend_R+1","Defend_R+1","Defend_R","Defend_R","Bash","Cleave","Offering","Shrug It Off","Armaments+1","Whirlwind","Feed+1"],"relics":["Burning Blood","NeowsBlessing","War Paint","Calipers","Darkstone Periapt","The Courier"],"potions_floor_usage":[8,8],"damage_taken":[{"damage":0,"enemies":"Small Slimes","floor":1,"turns":1},{"damage":0,"enemies":"Cultist","floor":3,"turns":1},{"damage":0,"enemies":"Jaw Worm","floor":5,"turns":1},{"damage":48,"enemies":"3 Sentries","floor":6,"turns":10},{"damage":13,"enemies":"Lagavulin","floor":8,"turns":8},{"damage":14,"enemies":"Blue Slaver","floor":11,"turns":5},{"damage":62,"enemies":"The Guardian","floor":16,"turns":8}],"seed_played":"-7894201004604166380","potions_obtained":[{"floor":5,"key":"SpeedPotion"},{"floor":6,"key":"CultistPotion"},{"floor":11,"key":"SmokeBomb"}],"is_trial":false,"path_per_floor":["M","$","M","?","M","E","?","E","T","R","M","?","R","?","R","B"],"character_chosen":"IRONCLAD","items_purchased":["Offering"],"campfire_rested":1,"item_purchase_floors":[2],"current_hp_per_floor":[74,74,75,75,75,33,22,15,15,15,11,30,30,4,27,0],"gold":171,"neow_bonus":"THREE_ENEMY_KILL","is_prod":false,"is_daily":false,"chose_seed":false,"campfire_upgraded":2,"win_rate":0,"timestamp":1602896490,"path_taken":["M","$","M","?","?","E","?","E","T","R","M","?","R","?","R","BOSS"],"build_version":"2020-07-30","purchased_purges":0,"victory":false,"max_hp_per_floor":[75,75,75,75,75,75,75,75,75,75,79,79,79,79,79,79],"card_choices":[{"not_picked":["Anger","Twin Strike"],"picked":"Cleave","floor":1},{"not_picked":["Dual Wield","Clothesline"],"picked":"Shrug It Off","floor":3},{"not_picked":["True Grit","Heavy Blade"],"picked":"Armaments","floor":5},{"not_picked":["Uppercut","Rage"],"picked":"Whirlwind","floor":6},{"not_picked":["Clash","Shrug It Off"],"picked":"Feed","floor":8},{"not_picked":["Searing Blow","Armaments","Battle Trance"],"picked":"SKIP","floor":11}],"player_experience":1222052,"relics_obtained":[{"floor":6,"key":"War Paint"},{"floor":8,"key":"Calipers"},{"floor":9,"key":"Darkstone Periapt"}],"event_choices":[{"cards_removed":["Strike_R"],"damage_healed":0,"gold_gain":0,"player_choice":"Offered Basic","damage_taken":0,"max_hp_gain":0,"max_hp_loss":0,"event_name":"Bonfire Elementals","floor":4,"gold_loss":0},{"damage_healed":0,"gold_gain":75,"player_choice":"Gather Gold","damage_taken":11,"max_hp_gain":0,"max_hp_loss":0,"event_name":"World of Goop","floor":7,"gold_loss":0},{"damage_healed":19,"gold_gain":0,"player_choice":"Healed","damage_taken":0,"max_hp_gain":0,"max_hp_loss":0,"event_name":"The Cleric","floor":12,"gold_loss":35},{"damage_healed":0,"gold_gain":0,"player_choice":"Success","damage_taken":26,"relics_obtained":["The Courier"],"max_hp_gain":0,"max_hp_loss":0,"event_name":"Scrap Ooze","floor":14,"gold_loss":0}],"is_beta":false,"boss_relics":[],"items_purged_floors":[],"is_endless":false,"potions_floor_spawned":[5,6,11],"killed_by":"The Guardian","ascension_level":19}