{"gold_per_floor":[110,110,127,142,67,67,86,86,86,86,115,115,146,158,158,232,232,246,266,266,266,279,279,310,310,337,262,262],"floor_reached":28,"playtime":716,"items_purged":["Strike_R"],"score":480,"play_id":"190e23b8-9207-4415-996e-406818e66809","local_time":"20201015220528","is_ascension_mode":true,"campfire_choices":[{"data":"Uppercut","floor":6,"key":"SMITH"},{"data":"Spot Weakness","floor":8,"key":"SMITH"},{"data":"Bash","floor":10,"key":"SMITH"},{"data":"1","floor":15,"key":"LIFT"},{"floor":23,"key":"REST"},{"data":"2","floor":25,"key":"LIFT"}],"neow_cost":"PERCENT_DAMAGE","seed_source_timestamp":279608039201400,"circlet_count":0,"master_deck":["AscendersBane","Defend_R","Defend_R","Defend_R","Defend_R","Bash+1","Cleave","Uppercut+1","Spot Weakness+1","Immolate","Battle Trance","Double Tap","Disarm","Shrug It Off","Blood for Blood+1","Thunderclap+1"],"relics":["Burning Blood","Sundial","Girya","Potion Belt","Runic Pyramid","Whetstone","Tiny Chest"],"potions_floor_usage":[18,19,19,24,24],"damage_taken":[{"damage":10,"enemies":"2 Louse","floor":1,"turns":4},{"damage":1,"enemies":"Cultist","floor":3,"turns":4},{"damage":11,"enemies":"Jaw Worm","floor":4,"turns":5},{"damage":6,"enemies":"2 Fungi Beasts","floor":7,"turns":3},{"damage":40,"enemies":"Lagavulin","floor":11,"turns":7},{"damage":27,"enemies":"Gremlin Nob","floor":13,"turns":4},{"damage":11,"enemies":"Looter","floor":14,"turns":3},{"damage":12,"enemies":"Hexaghost","floor":16,"turns":9},{"damage":26,"enemies":"Spheric Guardian","floor":18,"turns":5},{"damage":20,"enemies":"2 Thieves","floor":19,"turns":4},{"damage":33,"enemies":"Shelled Parasite and Fungi","floor":22,"turns":4},{"damage":35,"enemies":"Book of Stabbing","floor":24,"turns":5},{"damage":19,"enemies":"Gremlin Leader","floor":28,"turns":2}],"seed_played":"-371491441990248272","potions_obtained":[{"floor":11,"key":"Dexterity Potion"},{"floor":14,"key":"SneckoOil"},{"floor":16,"key":"Weak Potion"},{"floor":18,"key":"SteroidPotion"},{"floor":19,"key":"Fruit Juice"}],"is_trial":false,"path_per_floor":["M","?","M","M","$","R","M","R","T","R","E","?","E","M","R","B",null,"M","M","?","?","M","R","E","R","T","?","E"],"character_chosen":"IRONCLAD","items_purchased":[],"campfire_rested":1,"item_purchase_floors":[],"current_hp_per_floor":[60,60,65,60,60,60,60,60,60,60,26,55,34,29,29,23,73,53,44,44,44,17,45,16,16,16,16,0],"gold":262,"neow_bonus":"TWENTY_PERCENT_HP_BONUS","is_prod":false,"is_daily":false,"chose_seed":false,"campfire_upgraded":3,"win_rate":0,"timestamp":1602813928,"path_taken":["M","?","M","?","$","R","M","R","T","R","E","?","E","M","R","BOSS","M","M","?","?","?","R","E","R","T","?","E"],"build_version":"2020-07-30","purchased_purges":1,"victory":false,"max_hp_per_floor":[89,89,89,89,89,89,89,89,89,89,89,89,89,89,89,89,89,89,94,94,94,94,94,94,94,94,94,94],"card_choices":[{"not_picked":["Twin Strike","Dark Embrace"],"picked":"Cleave","floor":1},{"not_picked":["Clash","Sword Boomerang"],"picked":"Uppercut","floor":3},{"not_picked":["Twin Strike","Flex"],"picked":"Spot Weakness","floor":4},{"not_picked":["Pommel Strike","Perfected Strike","Wild Strike"],"picked":"SKIP","floor":7},{"not_picked":["Anger","Pommel Strike"],"picked":"Immolate","floor":11},{"not_picked":["Headbutt","Havoc"],"picked":"Battle Trance","floor":13},{"not_picked":["True Grit","Anger","Pommel Strike"],"picked":"SKIP","floor":14},{"not_picked":["Barricade","Impervious"],"picked":"Double Tap","floor":16},{"not_picked":["Cleave","Whirlwind"],"picked":"Disarm","floor":18},{"not_picked":["Sword Boomerang","Iron Wave"],"picked":"Shrug It Off","floor":19},{"not_picked":["Warcry","Clash","Anger"],"picked":"SKIP","floor":22},{"not_picked":["Power Through","Cleave+1","Bloodletting"],"picked":"SKIP","floor":24}],"player_experience":1220626,"relics_obtained":[{"floor":9,"key":"Sundial"},{"floor":11,"key":"Girya"},{"floor":13,"key":"Potion Belt"},{"floor":24,"key":"Whetstone"},{"floor":26,"key":"Tiny Chest"}],"event_choices":[{"cards_removed":["Strike_R"],"damage_healed":0,"gold_gain":0,"player_choice":"Purged","damage_taken":0,"max_hp_gain":0,"max_hp_loss":0,"event_name":"Purifier","floor":2,"gold_loss":0},{"damage_healed":29,"gold_gain":0,"player_choice":"Banana","damage_taken":0,"max_hp_gain":0,"max_hp_loss":0,"event_name":"Big Fish","floor":12,"gold_loss":0},{"damage_healed":0,"gold_gain":0,"player_choice":"Ignored","damage_taken":0,"max_hp_gain":0,"max_hp_loss":0,"event_name":"Ghosts","floor":20,"gold_loss":0},{"damage_healed":0,"gold_gain":0,"cards_transformed":["Strike_R","Strike_R"],"player_choice":"Became Test Subject","damage_taken":0,"max_hp_gain":0,"max_hp_loss":0,"event_name":"Drug Dealer","floor":21,"gold_loss":0,"cards_obtained":["Blood for Blood","Thunderclap"]},{"cards_removed":["Strike_R"],"damage_healed":0,"gold_gain":0,"player_choice":"Gave Gold","damage_taken":0,"max_hp_gain":0,"max_hp_loss":0,"event_name":"Beggar","floor":27,"gold_loss":75}],"is_beta":false,"boss_relics":[{"not_picked":["Cursed Key","Sozu"],"picked":"Runic Pyramid"}],"items_purged_floors":[5],"is_endless":false,"potions_floor_spawned":[11,14,16,18,19],"killed_by":"Gremlin Leader","ascension_level":19}