{"gold_per_floor":[17,32,32,51,51,94,68,91,91,124,147,147,191,191,191,287,287,306,306,32,47,47,47,101,115,140,140,140,140,176,195,195,290,290,314,239,72,93,111,155,170,170,170,3,18,18,42,73,73,73],"floor_reached":51,"playtime":3086,"items_purged":[],"score":1466,"play_id":"b72bdb08-3bcc-4083-9ae8-e3ab756720a9","local_time":"20201007153822","is_ascension_mode":true,"campfire_choices":[{"floor":12.0,"key":"REST"},{"data":"Barricade","floor":15.0,"key":"SMITH"},{"data":"Ghostly","floor":23.0,"key":"SMITH"},{"data":"Ghostly","floor":27.0,"key":"SMITH"},{"floor":32.0,"key":"REST"},{"data":"Feel No Pain","floor":42.0,"key":"SMITH"},{"data":"Reaper","floor":46.0,"key":"SMITH"},{"data":"Ghostly","floor":49,"key":"SMITH"}],"neow_cost":"NO_GOLD","seed_source_timestamp":5893198367400,"circlet_count":0,"master_deck":["AscendersBane","Strike_R+1","Defend_R","Defend_R","Defend_R+1","Defend_R","Bash","Thunderclap","Barricade+1","Injury","Perfected Strike","Rampage+1","Inflame","Shrug It Off","Heavy Blade","Immolate","Warcry","Offering+1","Seeing Red+1","Feed+1","Immolate+1","Flex+1","Ghostly+1","Ghostly+1","Ghostly+1","Writhe","Havoc","Juggernaut","Feel No Pain","Reaper+1","Carnage","Flame Barrier","Warcry","Reckless Charge","Feel No Pain+1","Entrench","Seeing Red"],"special_seed":0,"relics":["Burning Blood","Golden Idol","Self Forming Clay","Lizard Tail","Du-Vu Doll","Charon\u0027s Ashes","Astrolabe","Pear","StoneCalendar","War Paint","Lantern","Dead Branch","Runic Cube","Whetstone","Art of War","Gremlin Horn","Membership Card","Centennial Puzzle"],"potions_floor_usage":[50],"damage_taken":[{"damage":19.0,"enemies":"Jaw Worm","floor":1.0,"turns":6.0},{"damage":7.0,"enemies":"2 Louse","floor":2.0,"turns":3.0},{"damage":7.0,"enemies":"Cultist","floor":4.0,"turns":4.0},{"damage":45.0,"enemies":"3 Sentries","floor":6.0,"turns":11.0},{"damage":12.0,"enemies":"Exordium Wildlife","floor":8.0,"turns":3.0},{"damage":8.0,"enemies":"Gremlin Nob","floor":10.0,"turns":3.0},{"damage":0.0,"enemies":"2 Fungi Beasts","floor":11.0,"turns":2.0},{"damage":18.0,"enemies":"3 Sentries","floor":13.0,"turns":5.0},{"damage":59.0,"enemies":"Hexaghost","floor":16.0,"turns":11.0},{"damage":30.0,"enemies":"Shell Parasite","floor":18.0,"turns":4.0},{"damage":10.0,"enemies":"3 Byrds","floor":21.0,"turns":3.0},{"damage":22.0,"enemies":"Sentry and Sphere","floor":25.0,"turns":4.0},{"damage":28.0,"enemies":"Gremlin Leader","floor":30.0,"turns":6.0},{"damage":34.0,"enemies":"Snake Plant","floor":31.0,"turns":3.0},{"damage":42.0,"enemies":"Champ","floor":33.0,"turns":13.0},{"damage":19.0,"enemies":"Orb Walker","floor":35.0,"turns":4.0},{"damage":0.0,"enemies":"3 Shapes","floor":38.0,"turns":1.0},{"damage":8.0,"enemies":"Jaw Worm Horde","floor":39.0,"turns":2.0},{"damage":9.0,"enemies":"Nemesis","floor":40.0,"turns":7.0},{"damage":12.0,"enemies":"Sphere and 2 Shapes","floor":41.0,"turns":2.0},{"damage":33.0,"enemies":"Writhing Mass","floor":45.0,"turns":7.0},{"damage":39.0,"enemies":"3 Darklings","floor":47.0,"turns":4.0},{"damage":1,"enemies":"Reptomancer","floor":48,"turns":4},{"damage":47,"enemies":"Awakened One","floor":50,"turns":13}],"seed_played":"-8979340596852544562","potions_obtained":[{"floor":6.0,"key":"AttackPotion"},{"floor":8.0,"key":"EssenceOfSteel"},{"floor":10.0,"key":"Dexterity Potion"},{"floor":25.0,"key":"PowerPotion"},{"floor":35.0,"key":"Ancient Potion"},{"floor":40.0,"key":"DuplicationPotion"}],"is_trial":false,"path_per_floor":["M","M","?","M","?","E","$","M","T","E","M","R","E","?","R","B",null,"M","?","$","M","?","R","T","M","T","R","?","$","E","M","R","B",null,"M","?","$","M","M","E","M","R","T","$","M","R","M","E","R","B",null],"character_chosen":"IRONCLAD","items_purchased":["Shrug It Off","Pear","Whetstone","Membership Card"],"campfire_rested":2,"item_purchase_floors":[7,20,37,44],"current_hp_per_floor":[69,68,68,67,67,28,28,22,22,20,26,52,40,69,69,16,71,51,46,56,52,52,52,52,36,36,36,36,36,18,25,44,8,50,37,37,37,43,62,59,58,58,58,58,53,53,20,53,53,33],"gold":73,"neow_bonus":"TWENTY_PERCENT_HP_BONUS","is_prod":false,"is_daily":false,"chose_seed":false,"campfire_upgraded":6,"win_rate":0,"timestamp":1602099502,"path_taken":["M","M","?","M","?","E","$","?","T","E","M","R","E","?","R","BOSS","M","?","$","M","?","R","?","?","T","R","?","?","E","M","R","BOSS","M","?","$","M","M","E","?","R","T","?","M","R","M","E","R","BOSS"],"build_version":"2020-07-30","purchased_purges":0,"victory":true,"max_hp_per_floor":[89,89,89,89,89,89,89,89,89,89,89,89,89,89,89,89,89,93,46,56,56,56,56,56,56,56,56,56,56,60,64,64,64,64,64,64,64,64,64,64,64,64,64,64,68,68,68,72,72,72],"card_choices":[{"not_picked":["Headbutt","Anger"],"picked":"Thunderclap","floor":1.0},{"not_picked":["Clash","Disarm"],"picked":"Barricade","floor":2.0},{"not_picked":["Wild Strike","Seeing Red"],"picked":"Perfected Strike","floor":4.0},{"not_picked":["Perfected Strike","Seeing Red"],"picked":"Inflame","floor":6.0},{"not_picked":["Combust","Wild Strike"],"picked":"Heavy Blade","floor":8.0},{"not_picked":["Havoc","Wild Strike"],"picked":"Clash","floor":10.0},{"not_picked":["Intimidate","Twin Strike"],"picked":"Immolate","floor":11.0},{"not_picked":["Flame Barrier","Clothesline"],"picked":"Warcry","floor":13.0},{"not_picked":["Brutality","Exhume"],"picked":"Offering","floor":16.0},{"not_picked":["Second Wind","Clothesline"],"picked":"Flex+1","floor":18.0},{"not_picked":["Blood for Blood","Iron Wave","Seeing Red"],"picked":"SKIP","floor":21.0},{"not_picked":["Pommel Strike","Thunderclap"],"picked":"Havoc","floor":25.0},{"not_picked":["Evolve","Battle Trance"],"picked":"Feel No Pain","floor":30.0},{"not_picked":["Battle Trance","Fire Breathing","Cleave"],"picked":"SKIP","floor":31.0},{"not_picked":["Offering","Exhume"],"picked":"Reaper","floor":33.0},{"not_picked":["Body Slam","Heavy Blade"],"picked":"Carnage","floor":35.0},{"not_picked":["Intimidate","Sword Boomerang"],"picked":"Reckless Charge","floor":38.0},{"not_picked":["Iron Wave","Pummel"],"picked":"Feel No Pain","floor":39.0},{"not_picked":["Havoc","Whirlwind"],"picked":"Entrench","floor":40.0},{"not_picked":["Pommel Strike+1","Wild Strike","Warcry+1"],"picked":"SKIP","floor":41.0},{"not_picked":["Twin Strike","Whirlwind","Burning Pact"],"picked":"SKIP","floor":45.0},{"not_picked":["Havoc","Headbutt"],"picked":"Seeing Red","floor":47.0},{"not_picked":["Burning Pact","Anger","Sever Soul"],"picked":"SKIP","floor":48}],"player_experience":1200853,"relics_obtained":[{"floor":6.0,"key":"Self Forming Clay"},{"floor":9.0,"key":"Lizard Tail"},{"floor":10.0,"key":"Du-Vu Doll"},{"floor":13.0,"key":"Charon\u0027s Ashes"},{"floor":24.0,"key":"War Paint"},{"floor":26.0,"key":"Lantern"},{"floor":30.0,"key":"Dead Branch"},{"floor":40.0,"key":"Art of War"},{"floor":43.0,"key":"Gremlin Horn"},{"floor":48,"key":"Centennial Puzzle"}],"event_choices":[{"damage_healed":0.0,"max_hp_gain":0.0,"max_hp_loss":0.0,"gold_gain":0.0,"event_name":"Golden Idol","player_choice":"Take Wound","floor":3.0,"gold_loss":0.0,"damage_taken":0.0,"relics_obtained":["Golden Idol"],"cards_obtained":["Injury"]},{"damage_healed":0.0,"max_hp_gain":0.0,"max_hp_loss":0.0,"gold_gain":0.0,"event_name":"Match and Keep!","player_choice":"1 cards matched","floor":5.0,"gold_loss":0.0,"damage_taken":0.0,"cards_obtained":["Rampage"]},{"damage_healed":29.0,"max_hp_gain":0.0,"max_hp_loss":0.0,"gold_gain":0.0,"event_name":"Big Fish","player_choice":"Banana","floor":14.0,"gold_loss":0.0,"damage_taken":0.0},{"damage_healed":0.0,"max_hp_gain":0.0,"max_hp_loss":47.0,"gold_gain":0.0,"event_name":"Ghosts","player_choice":"Became a Ghost","floor":19.0,"gold_loss":0.0,"damage_taken":0.0,"cards_obtained":["Ghostly","Ghostly","Ghostly"]},{"damage_healed":0.0,"max_hp_gain":0.0,"max_hp_loss":0.0,"gold_gain":0.0,"event_name":"The Mausoleum","player_choice":"Opened","floor":22.0,"gold_loss":0.0,"damage_taken":0.0,"relics_obtained":["StoneCalendar"],"cards_obtained":["Writhe"]},{"damage_healed":0.0,"max_hp_gain":0.0,"max_hp_loss":0.0,"gold_gain":0.0,"event_name":"Match and Keep!","player_choice":"1 cards matched","floor":28.0,"gold_loss":0.0,"damage_taken":0.0,"cards_obtained":["Juggernaut"]},{"damage_healed":0.0,"max_hp_gain":0.0,"max_hp_loss":0.0,"gold_gain":0.0,"cards_transformed":["Strike_R","Strike_R"],"event_name":"Designer","player_choice":"Transformed Cards","floor":36.0,"gold_loss":75.0,"damage_taken":0.0,"cards_obtained":["Flame Barrier","Warcry"]}],"is_beta":false,"boss_relics":[{"not_picked":["Fusion Hammer","Ectoplasm"],"picked":"Astrolabe"},{"not_picked":["Philosopher\u0027s Stone","Velvet Choker"],"picked":"Runic Cube"}],"items_purged_floors":[],"is_endless":false,"potions_floor_spawned":[6,8,10,25,30,35,40,45,47],"ascension_level":18}