{"gold_per_floor":[113,12,25,40,40,67,67,139,139,139,139],"floor_reached":11,"playtime":342,"items_purged":["Normality"],"score":158,"play_id":"5db92f4a-e8b0-4eab-af56-0aceeb1b9a32","local_time":"20201015211251","is_ascension_mode":true,"campfire_choices":[{"data":"Bash","floor":7,"key":"SMITH"},{"data":"Magnetism","floor":10,"key":"SMITH"}],"neow_cost":"CURSE","seed_source_timestamp":0,"circlet_count":0,"master_deck":["AscendersBane","Strike_R","Strike_R","Strike_R","Strike_R","Strike_R","Defend_R","Defend_R","Defend_R","Defend_R","Bash+1","Magnetism+1","Clothesline","Thunderclap","Dropkick","Clash"],"special_seed":0,"relics":["Burning Blood","Tiny Chest","Ice Cream","Darkstone Periapt"],"potions_floor_usage":[8],"damage_taken":[{"damage":11,"enemies":"Jaw Worm","floor":1,"turns":6},{"damage":12,"enemies":"Small Slimes","floor":3,"turns":3},{"damage":1,"enemies":"2 Louse","floor":4,"turns":3},{"damage":42,"enemies":"Gremlin Nob","floor":6,"turns":6},{"damage":38,"enemies":"3 Sentries","floor":8,"turns":8},{"damage":32,"enemies":"Gremlin Nob","floor":11,"turns":3}],"seed_played":"-4012044097483363139","potions_obtained":[{"floor":3,"key":"FairyPotion"},{"floor":6,"key":"ElixirPotion"}],"is_trial":false,"path_per_floor":["M","$","M","M","?","E","R","E","T","R","E"],"character_chosen":"IRONCLAD","items_purchased":["Thunderclap"],"campfire_rested":0,"item_purchase_floors":[2],"current_hp_per_floor":[63,63,57,62,67,31,31,30,30,30,0],"gold":139,"neow_bonus":"RANDOM_COLORLESS_2","is_prod":false,"is_daily":false,"chose_seed":false,"campfire_upgraded":2,"win_rate":0,"timestamp":1602810771,"path_taken":["M","$","M","M","?","E","R","E","T","R","E"],"build_version":"2020-07-30","purchased_purges":1,"victory":false,"max_hp_per_floor":[75,75,75,75,80,80,80,80,80,80,80],"card_choices":[{"not_picked":["Metamorphosis","Thinking Ahead"],"picked":"Magnetism","floor":0},{"not_picked":["Iron Wave","Headbutt"],"picked":"Clothesline","floor":1},{"not_picked":["Perfected Strike","Warcry"],"picked":"Dropkick","floor":3},{"not_picked":["Burning Pact","Twin Strike"],"picked":"Clash","floor":4},{"not_picked":["Warcry","Evolve","Intimidate"],"picked":"SKIP","floor":6},{"not_picked":["Pommel Strike","Power Through","Twin Strike"],"picked":"SKIP","floor":8}],"player_experience":1217965,"relics_obtained":[{"floor":6,"key":"Tiny Chest"},{"floor":8,"key":"Ice Cream"},{"floor":9,"key":"Darkstone Periapt"}],"event_choices":[{"damage_healed":0,"gold_gain":0,"player_choice":"Donut","damage_taken":0,"max_hp_gain":5,"max_hp_loss":0,"event_name":"Big Fish","floor":5,"gold_loss":0}],"is_beta":false,"boss_relics":[],"items_purged_floors":[2],"is_endless":false,"potions_floor_spawned":[3,6],"killed_by":"Gremlin Nob","ascension_level":19}