{"gold_per_floor":[115,115,126,401,22,22,39,54,54,69,144,73,92,92,92,188,188,204,129,0,15,32,61,81,81,105,137,152,152,152,152,152,255,305,323,336,348,98,98,126,176,203,229,73,73,86,165,465,465,465],"floor_reached":51,"playtime":1052,"items_purged":["Pain"],"score":885,"play_id":"ec9248d6-2b2b-4d41-b041-079b073fe19c","local_time":"20201021170807","is_ascension_mode":false,"campfire_choices":[{"data":"Cleave","floor":6.0,"key":"SMITH"},{"data":"Whirlwind","floor":15.0,"key":"SMITH"},{"floor":25,"key":"REST"},{"floor":30,"key":"REST"},{"floor":32,"key":"REST"},{"floor":45,"key":"REST"},{"floor":49,"key":"REST"}],"neow_cost":"NONE","seed_source_timestamp":0,"circlet_count":0,"master_deck":["Strike_R","Strike_R+1","Strike_R","Strike_R","Strike_R","Defend_R+1","Defend_R","Defend_R","Defend_R","Bash","Thunderclap","Cleave+1","Sword Boomerang","Whirlwind+1","Sword Boomerang","Exhume+1","Heavy Blade+1","True Grit+1","Offering","Limit Break","Flex+1","Flex+1"],"special_seed":0,"relics":["Burning Blood","WarpedTongs","Art of War","Brimstone","Pear","Pantograph","Fusion Hammer","Shuriken","Regal Pillow","Juzu Bracelet","Sundial","Tiny House","Singing Bowl","Omamori","Charon\u0027s Ashes","Smiling Mask","War Paint","Strawberry","Blue Candle","Old Coin"],"potions_floor_usage":[37,37,50],"damage_taken":[{"damage":11.0,"enemies":"Jaw Worm","floor":1.0,"turns":2.0},{"damage":7.0,"enemies":"Cultist","floor":3.0,"turns":3.0},{"damage":11.0,"enemies":"Small Slimes","floor":7.0,"turns":2.0},{"damage":8.0,"enemies":"Blue Slaver","floor":8.0,"turns":3.0},{"damage":3.0,"enemies":"Looter","floor":10.0,"turns":2.0},{"damage":0.0,"enemies":"2 Fungi Beasts","floor":13.0,"turns":1.0},{"damage":47.0,"enemies":"The Guardian","floor":16.0,"turns":6.0},{"damage":0.0,"enemies":"2 Thieves","floor":18.0,"turns":1.0},{"damage":0,"enemies":"3 Byrds","floor":21,"turns":2},{"damage":27,"enemies":"Snake Plant","floor":22,"turns":3},{"damage":35,"enemies":"Book of Stabbing","floor":23,"turns":4},{"damage":0,"enemies":"Sentry and Sphere","floor":24,"turns":2},{"damage":34,"enemies":"Slavers","floor":27,"turns":3},{"damage":6,"enemies":"3 Cultists","floor":28,"turns":3},{"damage":43,"enemies":"Champ","floor":33,"turns":5},{"damage":11,"enemies":"Orb Walker","floor":35,"turns":2},{"damage":22,"enemies":"3 Darklings","floor":36,"turns":2},{"damage":9,"enemies":"Transient","floor":37,"turns":5},{"damage":6,"enemies":"Giant Head","floor":40,"turns":3},{"damage":64,"enemies":"Mind Bloom Boss Battle","floor":41,"turns":3},{"damage":33,"enemies":"Reptomancer","floor":42,"turns":3},{"damage":24,"enemies":"Spire Growth","floor":46,"turns":4},{"damage":93,"enemies":"Awakened One","floor":50,"turns":6}],"seed_played":"7972919735181280160","potions_obtained":[{"floor":3.0,"key":"Energy Potion"},{"floor":7.0,"key":"DuplicationPotion"},{"floor":10.0,"key":"SteroidPotion"},{"floor":18.0,"key":"AttackPotion"},{"floor":42,"key":"Regen Potion"}],"is_trial":false,"path_per_floor":["M","?","M","?","$","R","M","M","T","M","?","$","M","T","R","B",null,"M","?","?","M","M","E","M","R","T","E","M","?","R","T","R","B",null,"M","M","M","$","?","E","?","E","T","$","R","M","T","?","R","B",null],"character_chosen":"IRONCLAD","items_purchased":["Art of War","Brimstone","Whirlwind","Singing Bowl","Strawberry"],"campfire_rested":5,"item_purchase_floors":[5,5,12,38,44],"current_hp_per_floor":[75,75,74,74,74,74,69,67,77,80,69,69,75,75,75,49,90,90,90,90,90,69,40,46,73,73,45,45,27,70,70,95,58,100,95,79,76,76,78,78,46,21,21,28,76,60,60,60,109,28],"gold":465,"neow_bonus":"ONE_RANDOM_RARE_CARD","is_prod":false,"is_daily":false,"chose_seed":false,"campfire_upgraded":2,"win_rate":0,"timestamp":1603314487,"path_taken":["M","?","?","?","?","R","M","M","T","M","?","?","M","?","R","BOSS","M","?","?","M","M","E","M","R","T","E","M","?","R","?","R","BOSS","M","M","M","$","?","E","?","E","T","?","R","M","?","?","R","BOSS"],"build_version":"2020-07-30","purchased_purges":1,"victory":true,"max_hp_per_floor":[80,80,80,80,80,80,80,80,90,90,90,90,90,90,90,90,90,90,90,90,90,90,90,90,90,90,90,90,95,95,95,95,95,100,100,100,100,100,102,102,104,106,106,113,113,115,115,115,115,115],"card_choices":[{"not_picked":["Anger","True Grit"],"picked":"Thunderclap","floor":1.0},{"not_picked":["Twin Strike","Heavy Blade"],"picked":"Cleave","floor":3.0},{"not_picked":["Body Slam","Headbutt","Bloodletting"],"picked":"SKIP","floor":7.0},{"not_picked":["Flex","Body Slam"],"picked":"Sword Boomerang","floor":8.0},{"not_picked":["Clash","Rage","Body Slam"],"picked":"SKIP","floor":10.0},{"not_picked":["Juggernaut","Pummel"],"picked":"Sword Boomerang","floor":13.0},{"not_picked":["Bludgeon","Immolate"],"picked":"Exhume","floor":16.0},{"not_picked":["Flex","Uppercut"],"picked":"Heavy Blade+1","floor":18.0},{"not_picked":["Pommel Strike+1","Hemokinesis+1"],"picked":"True Grit+1","floor":21},{"not_picked":["Whirlwind+1","Seeing Red","Heavy Blade"],"picked":"SKIP","floor":22},{"not_picked":["Havoc","Wild Strike"],"picked":"Offering","floor":23},{"not_picked":["Flex","Clash","Intimidate"],"picked":"SKIP","floor":24},{"not_picked":["Flame Barrier","Battle Trance","Anger+1"],"picked":"SKIP","floor":27},{"not_picked":["True Grit+1","Flame Barrier","Armaments"],"picked":"SKIP","floor":28},{"not_picked":["Juggernaut","Bludgeon"],"picked":"Limit Break","floor":33},{"not_picked":["Rampage","Metallicize"],"picked":"Flex+1","floor":35},{"not_picked":["Carnage+1","Fire Breathing","Entrench+1"],"picked":"SKIP","floor":36},{"not_picked":["Exhume","Dark Embrace+1","Heavy Blade+1"],"picked":"SKIP","floor":37},{"not_picked":["Finesse","PanicButton","Jack Of All Trades"],"picked":"Singing Bowl","floor":39},{"not_picked":["Pommel Strike","Shrug It Off+1"],"picked":"Flex+1","floor":40},{"not_picked":["Havoc+1","Heavy Blade","Body Slam"],"picked":"Singing Bowl","floor":41},{"not_picked":["Perfected Strike","Havoc+1","Carnage+1"],"picked":"Singing Bowl","floor":42},{"not_picked":["Sever Soul+1","Twin Strike+1","Sentinel+1"],"picked":"Singing Bowl","floor":46}],"player_experience":1224705,"relics_obtained":[{"floor":9.0,"key":"Pear"},{"floor":14.0,"key":"Pantograph"},{"floor":23,"key":"Shuriken"},{"floor":26,"key":"Regal Pillow"},{"floor":27,"key":"Juzu Bracelet"},{"floor":31,"key":"Sundial"},{"floor":40,"key":"Omamori"},{"floor":41,"key":"Charon\u0027s Ashes"},{"floor":42,"key":"Smiling Mask"},{"floor":43,"key":"War Paint"},{"floor":47,"key":"Blue Candle"}],"event_choices":[{"damage_healed":0.0,"max_hp_gain":0.0,"max_hp_loss":0.0,"gold_gain":0.0,"event_name":"Accursed Blacksmith","player_choice":"Rummage","floor":2.0,"gold_loss":0.0,"damage_taken":0.0,"relics_obtained":["WarpedTongs"],"cards_obtained":["Pain"]},{"damage_healed":0.0,"max_hp_gain":0.0,"max_hp_loss":0.0,"gold_gain":275.0,"event_name":"Golden Shrine","player_choice":"Desecrate","floor":4.0,"gold_loss":0.0,"damage_taken":0.0,"cards_obtained":["Regret"]},{"damage_healed":0.0,"max_hp_gain":0.0,"max_hp_loss":0.0,"gold_gain":75.0,"event_name":"World of Goop","player_choice":"Gather Gold","floor":11.0,"gold_loss":0.0,"damage_taken":11.0},{"cards_removed":["Regret"],"damage_healed":0.0,"max_hp_gain":0.0,"max_hp_loss":0.0,"gold_gain":0.0,"event_name":"Beggar","player_choice":"Gave Gold","floor":19.0,"gold_loss":75.0,"damage_taken":0.0},{"damage_healed":0,"gold_gain":0,"player_choice":"Paid Fearfully","damage_taken":0,"max_hp_gain":0,"max_hp_loss":0,"event_name":"Masked Bandits","floor":20,"gold_loss":129},{"damage_healed":0,"gold_gain":0,"player_choice":"Shed Blood","damage_taken":23,"max_hp_gain":5,"max_hp_loss":0,"event_name":"Forgotten Altar","floor":29,"gold_loss":0},{"damage_healed":0,"gold_gain":0,"player_choice":"Memory 1","damage_taken":0,"max_hp_gain":0,"max_hp_loss":0,"event_name":"SensoryStone","floor":39,"gold_loss":0},{"damage_healed":0,"gold_gain":0,"player_choice":"Fight","damage_taken":0,"max_hp_gain":0,"max_hp_loss":0,"event_name":"MindBloom","floor":41,"gold_loss":0},{"cards_removed":["Corruption"],"damage_healed":0,"gold_gain":0,"player_choice":"Gave Card","damage_taken":0,"relics_obtained":["Old Coin"],"max_hp_gain":0,"max_hp_loss":0,"event_name":"WeMeetAgain","floor":48,"gold_loss":0}],"is_beta":false,"boss_relics":[{"not_picked":["Runic Cube","SacredBark"],"picked":"Fusion Hammer"},{"not_picked":["Snecko Eye","Mark of Pain"],"picked":"Tiny House"}],"items_purged_floors":[5],"is_endless":false,"potions_floor_spawned":[3,7,10,18,21,24,27,33,35,36,42],"ascension_level":0}