{"gold_per_floor":[114,124,134,134,134,172,172,172],"floor_reached":8,"playtime":408,"items_purged":[],"score":112,"play_id":"1a7e6a71-c84e-412f-b265-93998e62e08d","local_time":"20210205234714","is_ascension_mode":true,"campfire_choices":[{"floor":7,"key":"REST"}],"neow_cost":"NONE","seed_source_timestamp":1840007198129600,"circlet_count":0,"master_deck":["AscendersBane","Strike_R","Strike_R","Strike_R","Strike_R","Strike_R","Defend_R","Defend_R","Defend_R","Defend_R","Bash","Inflame","Shrug It Off","Rampage","Sword Boomerang"],"relics":["Burning Blood","Golden Idol","Omamori"],"potions_floor_usage":[2,6],"damage_taken":[{"damage":1,"enemies":"Cultist","floor":1,"turns":3},{"damage":10,"enemies":"Small Slimes","floor":2,"turns":4},{"damage":19,"enemies":"Jaw Worm","floor":3,"turns":4},{"damage":44,"enemies":"Lagavulin","floor":6,"turns":8},{"damage":58,"enemies":"Gremlin Nob","floor":8,"turns":4}],"seed_played":"-5802722687555834289","potions_obtained":[{"floor":1,"key":"LiquidMemories"},{"floor":2,"key":"LiquidBronze"},{"floor":3,"key":"Swift Potion"}],"is_trial":false,"path_per_floor":["M","M","M","?","?","E","R","E"],"character_chosen":"IRONCLAD","items_purchased":[],"campfire_rested":1,"item_purchase_floors":[],"current_hp_per_floor":[80,76,63,63,63,25,49,0],"gold":172,"neow_bonus":"TEN_PERCENT_HP_BONUS","is_prod":false,"is_daily":false,"chose_seed":false,"campfire_upgraded":0,"win_rate":0,"timestamp":1612586834,"path_taken":["M","?","?","?","?","E","R","E"],"build_version":"2020-12-22","purchased_purges":0,"victory":false,"max_hp_per_floor":[82,82,82,82,82,82,82,82],"card_choices":[{"not_picked":["Rage","Cleave"],"picked":"Inflame","floor":1},{"not_picked":["Entrench","Dark Embrace"],"picked":"Shrug It Off","floor":2},{"not_picked":["Battle Trance","True Grit"],"picked":"Rampage","floor":3},{"not_picked":["Wild Strike","Twin Strike"],"picked":"Sword Boomerang","floor":6}],"player_experience":1271271,"relics_obtained":[{"floor":6,"key":"Omamori"}],"event_choices":[{"damage_healed":0,"gold_gain":0,"player_choice":"Take Wound","damage_taken":0,"relics_obtained":["Golden Idol"],"max_hp_gain":0,"max_hp_loss":0,"event_name":"Golden Idol","floor":4,"gold_loss":0,"cards_obtained":["Injury"]},{"cards_removed":["Injury"],"damage_healed":0,"gold_gain":0,"player_choice":"Forget","damage_taken":0,"max_hp_gain":0,"max_hp_loss":0,"event_name":"Living Wall","floor":5,"gold_loss":0}],"is_beta":false,"boss_relics":[],"items_purged_floors":[],"is_endless":false,"potions_floor_spawned":[1,2,3],"killed_by":"Gremlin Nob","ascension_level":20}