{"gold_per_floor":[111,123,123,142,166,166,6,6,74,151,165,7,37,50,50,50],"floor_reached":16,"playtime":418,"items_purged":[],"score":200,"play_id":"a59ebe8c-10fa-4e21-9273-958bccbb1fb6","local_time":"20210207223859","is_ascension_mode":true,"campfire_choices":[{"data":"Bash","floor":6,"key":"SMITH"},{"data":"Iron Wave","floor":8,"key":"SMITH"},{"data":"Hemokinesis","floor":15,"key":"SMITH"}],"neow_cost":"","seed_source_timestamp":0,"circlet_count":0,"master_deck":["AscendersBane","Strike_R","Strike_R","Strike_R","Strike_R","Defend_R","Defend_R","Defend_R","Defend_R","Bash+1","Dark Embrace","Iron Wave+1","Warcry","Hemokinesis+1","Dual Wield","Brutality"],"relics":["Burning Blood","Strawberry","Juzu Bracelet","Meat on the Bone","Lee\u0027s Waffle","Gremlin Horn"],"potions_floor_usage":[2,16,16],"damage_taken":[{"damage":16,"enemies":"Jaw Worm","floor":1,"turns":6},{"damage":1,"enemies":"Cultist","floor":2,"turns":3},{"damage":2,"enemies":"Small Slimes","floor":4,"turns":4},{"damage":43,"enemies":"Gremlin Gang","floor":11,"turns":7},{"damage":51,"enemies":"Gremlin Nob","floor":13,"turns":5},{"damage":8,"enemies":"Looter","floor":14,"turns":2},{"damage":54,"enemies":"The Guardian","floor":16,"turns":9}],"seed_played":"762488074872","potions_obtained":[{"floor":1,"key":"Fire Potion"},{"floor":11,"key":"FearPotion"},{"floor":13,"key":"LiquidBronze"}],"is_trial":true,"path_per_floor":["M","M","?","M","T","R","$","R","T","?","M","$","E","M","R","B"],"character_chosen":"IRONCLAD","items_purchased":["Juzu Bracelet","Lee\u0027s Waffle"],"campfire_rested":0,"item_purchase_floors":[7,12],"current_hp_per_floor":[58,63,63,67,74,74,74,74,74,74,49,89,56,54,54,0],"gold":50,"neow_bonus":"","is_prod":false,"is_daily":false,"chose_seed":true,"campfire_upgraded":3,"win_rate":0,"timestamp":1612755539,"path_taken":["M","M","?","?","?","R","$","R","T","?","M","?","E","M","R","BOSS"],"build_version":"2020-12-22","purchased_purges":0,"victory":false,"max_hp_per_floor":[75,75,75,75,82,82,82,82,82,82,82,89,89,89,89,89],"card_choices":[{"not_picked":["Seeing Red","Second Wind"],"picked":"Dark Embrace","floor":1},{"not_picked":["Dual Wield","Bloodletting"],"picked":"Iron Wave","floor":2},{"not_picked":["Havoc","Cleave"],"picked":"Warcry","floor":4},{"not_picked":["Perfected Strike","Cleave"],"picked":"Hemokinesis","floor":11},{"not_picked":["Intimidate","Sword Boomerang"],"picked":"Dual Wield","floor":13},{"not_picked":["Flex","Heavy Blade"],"picked":"Brutality","floor":14}],"player_experience":1274934,"relics_obtained":[{"floor":5,"key":"Strawberry"},{"floor":9,"key":"Meat on the Bone"},{"floor":13,"key":"Gremlin Horn"}],"event_choices":[{"cards_removed":["Strike_R"],"damage_healed":0,"gold_gain":0,"player_choice":"Offered Basic","damage_taken":0,"max_hp_gain":0,"max_hp_loss":0,"event_name":"Bonfire Elementals","floor":3,"gold_loss":0},{"damage_healed":0,"gold_gain":77,"player_choice":"Gained Gold","damage_taken":0,"max_hp_gain":0,"max_hp_loss":0,"event_name":"Golden Wing","floor":10,"gold_loss":0}],"is_beta":false,"boss_relics":[],"items_purged_floors":[],"is_endless":false,"potions_floor_spawned":[1,11,13],"killed_by":"The Guardian","ascension_level":20}