{"gold_per_floor":[115,190,207,223,236,236,264,264,264,89,89,89,114,175,175,305,305,349,389,407,419,518,518,518,563,636,674,700,700,700,740,740,836,836,856,856,876,876,856,856,876,876,876,715,730,730,655,655,655,655],"floor_reached":50,"playtime":1707,"items_purged":["Parasite"],"score":512,"play_id":"32c0e493-f58b-4f38-952a-3d92425c875b","local_time":"20210914111216","is_ascension_mode":false,"campfire_choices":[{"data":"Flame Barrier","floor":6.0,"key":"SMITH"},{"data":"Armaments","floor":8.0,"key":"SMITH"},{"data":"HandOfGreed","floor":12.0,"key":"SMITH"},{"floor":15.0,"key":"REST"},{"data":"Juggernaut","floor":23.0,"key":"SMITH"},{"floor":29,"key":"REST"},{"floor":32,"key":"REST"},{"floor":40,"key":"REST"},{"data":"Juggernaut","floor":42,"key":"SMITH"},{"floor":46,"key":"REST"},{"data":"Inflame","floor":49,"key":"SMITH"}],"neow_cost":"NONE","seed_source_timestamp":10648043540700,"circlet_count":0,"master_deck":["Strike_R+1","Strike_R+1","Strike_R+1","Strike_R+1","Strike_R+1","Defend_R+1","Defend_R+1","Defend_R+1","Defend_R+1","Bash","Flame Barrier+1","Clash","Body Slam","Carnage","Armaments+1","Juggernaut+1","Infernal Blade+1","Shrug It Off","Spot Weakness+1","Juggernaut+1","Battle Trance","Offering","Madness","Madness","Shockwave+1","Cleave+1","Dropkick","Metallicize","Inflame+1"],"special_seed":0,"relics":["Black Blood"],"potions_floor_usage":[33,35,50,50,50],"damage_taken":[{"damage":3.0,"enemies":"Jaw Worm","floor":1.0,"turns":4.0},{"damage":1.0,"enemies":"Cultist","floor":3.0,"turns":3.0},{"damage":0.0,"enemies":"Small Slimes","floor":4.0,"turns":3.0},{"damage":6.0,"enemies":"Exordium Wildlife","floor":5.0,"turns":6.0},{"damage":24.0,"enemies":"Gremlin Nob","floor":7.0,"turns":5.0},{"damage":24.0,"enemies":"Gremlin Gang","floor":14.0,"turns":6.0},{"damage":30.0,"enemies":"The Guardian","floor":16.0,"turns":10.0},{"damage":22.0,"enemies":"Spheric Guardian","floor":18.0,"turns":4.0},{"damage":0.0,"enemies":"2 Thieves","floor":19.0,"turns":3.0},{"damage":47.0,"enemies":"Sentry and Sphere","floor":20.0,"turns":8.0},{"damage":6.0,"enemies":"Snecko","floor":21.0,"turns":4.0},{"damage":18.0,"enemies":"Snake Plant","floor":25.0,"turns":4.0},{"damage":23.0,"enemies":"Sentry and Sphere","floor":27.0,"turns":5.0},{"damage":39.0,"enemies":"Gremlin Leader","floor":28.0,"turns":8.0},{"damage":4,"enemies":"Snecko","floor":31,"turns":5},{"damage":87,"enemies":"Automaton","floor":33,"turns":12},{"damage":14,"enemies":"3 Shapes","floor":35,"turns":3},{"damage":54,"enemies":"3 Darklings","floor":37,"turns":7},{"damage":14,"enemies":"Writhing Mass","floor":41,"turns":6},{"damage":56,"enemies":"4 Shapes","floor":45,"turns":6},{"damage":75,"enemies":"Time Eater","floor":50,"turns":5}],"seed_played":"8177624987514665085","potions_obtained":[{"floor":3.0,"key":"Block Potion"},{"floor":5.0,"key":"Weak Potion"},{"floor":16.0,"key":"Weak Potion"},{"floor":19.0,"key":"ElixirPotion"},{"floor":24.0,"key":"Fire Potion"},{"floor":24.0,"key":"BlessingOfTheForge"},{"floor":27.0,"key":"AttackPotion"},{"floor":31,"key":"Regen Potion"},{"floor":33,"key":"Energy Potion"},{"floor":35,"key":"Ancient Potion"},{"floor":37,"key":"Dexterity Potion"},{"floor":39,"key":"Swift Potion"}],"is_trial":false,"path_per_floor":["M","?","M","M","M","R","E","R","T","$","?","R","T","M","R","B",null,"M","M","M","M","?","R","?","M","T","M","E","R","?","M","R","B",null,"M","?","M","?","?","R","M","R","T","$","M","R","$","?","R","B"],"character_chosen":"IRONCLAD","items_purchased":["HandOfGreed","Strength Potion","Dropkick","Inflame"],"campfire_rested":5,"item_purchase_floors":[10,44,44,47],"current_hp_per_floor":[88,80,85,88,88,88,70,70,70,70,70,70,70,52,78,54,88,78,88,53,59,59,59,59,53,53,42,15,41,41,49,75,15,88,86,75,33,33,33,59,57,57,57,57,13,38,38,74,74,0],"gold":655,"neow_bonus":"TEN_PERCENT_HP_BONUS","is_prod":false,"is_daily":false,"chose_seed":false,"campfire_upgraded":6,"win_rate":0,"timestamp":1631610736,"path_taken":["M","?","?","M","M","R","E","R","T","$","?","R","?","M","R","BOSS","M","M","M","?","?","R","?","?","T","?","E","R","?","M","R","BOSS","M","?","M","?","?","R","?","R","T","$","M","R","$","?","R","BOSS"],"build_version":"2020-12-22","purchased_purges":1,"victory":false,"max_hp_per_floor":[88,88,88,88,88,88,88,88,88,88,88,88,88,88,88,88,88,88,88,88,88,88,88,88,88,88,88,88,88,88,88,88,88,88,88,88,88,88,88,88,88,88,88,85,85,85,85,74,74,74],"card_choices":[{"not_picked":["Body Slam","Thunderclap"],"picked":"Flame Barrier","floor":1.0},{"not_picked":["Combust","Infernal Blade"],"picked":"Clash","floor":3.0},{"not_picked":["Dual Wield","True Grit"],"picked":"Body Slam","floor":4.0},{"not_picked":["Twin Strike","Sword Boomerang"],"picked":"Carnage","floor":5.0},{"not_picked":["Anger","Clothesline"],"picked":"Armaments","floor":7.0},{"not_picked":["Reckless Charge","Rupture","Feed"],"picked":"SKIP","floor":14.0},{"not_picked":["Immolate","Fiend Fire"],"picked":"Juggernaut","floor":16.0},{"not_picked":["Clothesline","Thunderclap"],"picked":"Infernal Blade+1","floor":18.0},{"not_picked":["Sentinel","Headbutt","Power Through"],"picked":"SKIP","floor":19.0},{"not_picked":["Sentinel","Wild Strike"],"picked":"Shrug It Off","floor":20.0},{"not_picked":["Thunderclap","Armaments","Flex"],"picked":"SKIP","floor":21.0},{"not_picked":["Shrug It Off","Iron Wave+1"],"picked":"Spot Weakness+1","floor":25.0},{"not_picked":["Armaments","Pummel"],"picked":"Juggernaut","floor":27.0},{"not_picked":["Clothesline+1","Heavy Blade"],"picked":"Battle Trance","floor":28},{"not_picked":["Anger","Rage","Warcry"],"picked":"SKIP","floor":31},{"not_picked":["Reaper","Double Tap"],"picked":"Offering","floor":33},{"not_picked":["Shrug It Off","Bloodletting+1","Uppercut+1"],"picked":"SKIP","floor":35},{"not_picked":["Body Slam+1","Twin Strike+1"],"picked":"Shockwave+1","floor":37},{"not_picked":["Thunderclap","Wild Strike+1"],"picked":"Cleave+1","floor":41},{"not_picked":["Wild Strike+1","Dropkick"],"picked":"Metallicize","floor":45}],"player_experience":1628544,"relics_obtained":[],"event_choices":[{"damage_healed":0.0,"max_hp_gain":0.0,"max_hp_loss":0.0,"gold_gain":75.0,"event_name":"FaceTrader","player_choice":"Touch","floor":2.0,"gold_loss":0.0,"damage_taken":8.0},{"damage_healed":0.0,"max_hp_gain":0.0,"max_hp_loss":0.0,"gold_gain":0.0,"event_name":"Golden Idol","player_choice":"Ignored","floor":11.0,"gold_loss":0.0,"damage_taken":0.0},{"damage_healed":0.0,"max_hp_gain":0.0,"max_hp_loss":0.0,"gold_gain":99.0,"event_name":"Nest","player_choice":"Stole From Cult","floor":22.0,"gold_loss":0.0,"damage_taken":0.0},{"damage_healed":0.0,"max_hp_gain":0.0,"max_hp_loss":0.0,"gold_gain":0.0,"event_name":"Lab","player_choice":"Got Potions","floor":24.0,"gold_loss":0.0,"damage_taken":0.0},{"damage_healed":0,"gold_gain":0,"player_choice":"Simplicity","damage_taken":0,"max_hp_gain":0,"max_hp_loss":0,"event_name":"Back to Basics","floor":30,"gold_loss":0,"cards_upgraded":["Strike_R","Strike_R","Strike_R","Strike_R","Strike_R","Defend_R","Defend_R","Defend_R","Defend_R"]},{"damage_healed":0,"gold_gain":0,"player_choice":"Embrace Madness","damage_taken":11,"max_hp_gain":0,"max_hp_loss":0,"event_name":"Winding Halls","floor":36,"gold_loss":0,"cards_obtained":["Madness","Madness"]},{"cards_removed":["HandOfGreed"],"damage_healed":0,"gold_gain":0,"player_choice":"Removed Attack","damage_taken":0,"max_hp_gain":0,"max_hp_loss":0,"event_name":"Falling","floor":38,"gold_loss":0},{"damage_healed":0,"gold_gain":0,"player_choice":"Bought 1 Potion","damage_taken":0,"max_hp_gain":0,"max_hp_loss":0,"event_name":"The Woman in Blue","floor":39,"gold_loss":0},{"damage_healed":74,"gold_gain":0,"player_choice":"Heal","damage_taken":0,"max_hp_gain":0,"max_hp_loss":11,"event_name":"The Moai Head","floor":48,"gold_loss":0}],"is_beta":false,"boss_relics":[{"not_picked":["SacredBark","Fusion Hammer"],"picked":"Black Blood"},{"not_picked":["Pandora\u0027s Box","Tiny House","Philosopher\u0027s Stone"]}],"items_purged_floors":[44],"is_endless":false,"potions_floor_spawned":[3,5,16,19,25,27,31,33,35,37],"killed_by":"Time Eater","ascension_level":0}