{"gold_per_floor":[111,111,111,111,123,123,19,37,37,37,64,64,75,75,75,75],"floor_reached":16,"playtime":419,"items_purged":[],"score":98,"play_id":"f4014465-0b46-493b-9a14-0a223b0f875f","local_time":"20210914104049","is_ascension_mode":false,"campfire_choices":[{"data":"Armaments","floor":6.0,"key":"SMITH"},{"data":"Corruption","floor":10.0,"key":"SMITH"},{"data":"Disarm","floor":12,"key":"SMITH"},{"data":"Searing Blow","floor":15,"key":"SMITH"}],"neow_cost":"CURSE","seed_source_timestamp":10078321206200,"circlet_count":0,"master_deck":["Strike_R","Strike_R","Strike_R","Strike_R","Defend_R","Defend_R","Defend_R","Bash","Corruption+1","Entrench+1","Fire Breathing+1","Armaments+1","Sword Boomerang","Disarm+1","Searing Blow+1"],"special_seed":0,"relics":["Burning Blood"],"potions_floor_usage":[],"damage_taken":[{"damage":5.0,"enemies":"2 Louse","floor":1.0,"turns":4.0},{"damage":5.0,"enemies":"Small Slimes","floor":5.0,"turns":5.0},{"damage":6.0,"enemies":"Jaw Worm","floor":8.0,"turns":3.0},{"damage":5.0,"enemies":"Lagavulin","floor":11.0,"turns":6.0},{"damage":7,"enemies":"Exordium Wildlife","floor":13,"turns":5},{"damage":68,"enemies":"The Guardian","floor":16,"turns":10}],"seed_played":"-1598919462316360103","potions_obtained":[{"floor":8.0,"key":"DuplicationPotion"}],"is_trial":false,"path_per_floor":["M","?","?","?","M","R","$","M","T","R","E","R","M","$","R","B"],"character_chosen":"IRONCLAD","items_purchased":["Fruit Juice"],"campfire_rested":0,"item_purchase_floors":[7],"current_hp_per_floor":[80,73,78,61,62,62,67,67,67,67,68,68,67,67,67,0],"gold":75,"neow_bonus":"TRANSFORM_TWO_CARDS","is_prod":false,"is_daily":false,"chose_seed":false,"campfire_upgraded":4,"win_rate":0,"timestamp":1631608849,"path_taken":["M","?","?","?","M","R","$","M","T","R","E","R","M","$","R","BOSS"],"build_version":"2020-12-22","purchased_purges":0,"victory":false,"max_hp_per_floor":[80,80,85,85,85,85,90,90,90,90,90,90,90,90,90,90],"card_choices":[{"not_picked":["Warcry","Clothesline"],"picked":"Fire Breathing","floor":1.0},{"not_picked":["Heavy Blade","Battle Trance"],"picked":"Armaments","floor":5.0},{"not_picked":["Blood for Blood","Flex"],"picked":"Sword Boomerang","floor":8.0},{"not_picked":["Flame Barrier","Rampage"],"picked":"Disarm","floor":11},{"not_picked":["Iron Wave","Blood for Blood"],"picked":"Searing Blow","floor":13}],"player_experience":1628021,"relics_obtained":[],"event_choices":[{"cards_removed":["Injury"],"damage_healed":0.0,"max_hp_gain":0.0,"max_hp_loss":0.0,"gold_gain":0.0,"event_name":"Golden Wing","player_choice":"Card Removal","floor":2.0,"gold_loss":0.0,"damage_taken":7.0},{"damage_healed":0.0,"max_hp_gain":5.0,"max_hp_loss":0.0,"gold_gain":0.0,"event_name":"Big Fish","player_choice":"Donut","floor":3.0,"gold_loss":0.0,"damage_taken":0.0},{"damage_healed":0.0,"max_hp_gain":0.0,"max_hp_loss":0.0,"gold_gain":0.0,"event_name":"Shining Light","player_choice":"Entered Light","floor":4.0,"gold_loss":0.0,"damage_taken":17.0,"cards_upgraded":["Fire Breathing","Entrench"]}],"is_beta":false,"boss_relics":[],"items_purged_floors":[],"is_endless":false,"potions_floor_spawned":[8],"killed_by":"The Guardian","ascension_level":0}