{"gold_per_floor":[112,112,192,104,37,37,37,37,63,63],"floor_reached":10,"playtime":121,"items_purged":[],"score":55,"play_id":"08fc6deb-6230-4487-9965-b3d8ced68375","local_time":"20210914102302","is_ascension_mode":true,"campfire_choices":[{"data":"Juggernaut","floor":6,"key":"SMITH"},{"data":"Dark Shackles","floor":8,"key":"SMITH"}],"neow_cost":"NONE","seed_source_timestamp":9322416362200,"circlet_count":0,"master_deck":["Strike_R","Strike_R","Strike_R","Strike_R","Strike_R","Defend_R","Defend_R+1","Defend_R","Defend_R","Bash+1","Juggernaut+1","Body Slam+1","Dark Shackles+1","Flame Barrier+1"],"relics":["Burning Blood","War Paint","Tiny Chest"],"potions_floor_usage":[],"damage_taken":[{"damage":0,"enemies":"Small Slimes","floor":1,"turns":4},{"damage":23,"enemies":"Small Slimes","floor":10,"turns":1}],"seed_played":"-7515474564501967588","potions_obtained":[],"is_trial":false,"path_per_floor":["M","?","?","$","$","R","?","R","T","?"],"character_chosen":"IRONCLAD","items_purchased":["Dark Shackles","Flame Barrier"],"campfire_rested":0,"item_purchase_floors":[4,5],"current_hp_per_floor":[80,64,64,64,64,64,57,57,57,57],"gold":63,"neow_bonus":"ONE_RANDOM_RARE_CARD","is_prod":false,"is_daily":false,"chose_seed":false,"campfire_upgraded":2,"win_rate":0,"timestamp":1631607782,"path_taken":["M","?","?","?","$","R","?","R","T","?"],"build_version":"2020-12-22","purchased_purges":0,"victory":false,"max_hp_per_floor":[80,80,80,80,80,80,80,80,80,80],"card_choices":[{"not_picked":["Shrug It Off","Twin Strike"],"picked":"Body Slam","floor":1}],"player_experience":1627315,"relics_obtained":[{"floor":9,"key":"Tiny Chest"}],"event_choices":[{"damage_healed":0,"gold_gain":0,"player_choice":"Entered Light","damage_taken":16,"max_hp_gain":0,"max_hp_loss":0,"event_name":"Shining Light","floor":2,"gold_loss":0,"cards_upgraded":["Bash","Body Slam"]},{"damage_healed":0,"gold_gain":80,"player_choice":"Gained Gold","damage_taken":0,"max_hp_gain":0,"max_hp_loss":0,"event_name":"Golden Wing","floor":3,"gold_loss":0},{"damage_healed":0,"gold_gain":0,"player_choice":"Success","damage_taken":7,"relics_obtained":["War Paint"],"max_hp_gain":0,"max_hp_loss":0,"event_name":"Scrap Ooze","floor":7,"gold_loss":0},{"damage_healed":0,"gold_gain":0,"player_choice":"Fought Mushrooms","damage_taken":0,"max_hp_gain":0,"max_hp_loss":0,"event_name":"Mushrooms","floor":10,"gold_loss":0}],"is_beta":false,"boss_relics":[],"items_purged_floors":[],"is_endless":false,"potions_floor_spawned":[],"killed_by":"Small Slimes","ascension_level":1}