{"gold_per_floor":[109,109,123,49,61,61,61,61,61,79,96,114,114,130,130,233,233,253,253,263,281,158,158,169,169,244,259,259],"floor_reached":28,"playtime":841,"items_purged":["Strike_R"],"score":289,"play_id":"c4e13e31-8b93-40da-8f1e-575dc2ed9a78","local_time":"20211110171533","is_ascension_mode":false,"campfire_choices":[{"data":"Flex","floor":6.0,"key":"SMITH"},{"data":"Berserk","floor":8.0,"key":"SMITH"},{"data":"Inflame","floor":13.0,"key":"SMITH"},{"data":"Disarm","floor":15.0,"key":"SMITH"},{"floor":23,"key":"REST"},{"floor":25,"key":"REST"}],"neow_cost":"NONE","seed_source_timestamp":0,"circlet_count":0,"master_deck":["Strike_R","Strike_R","Strike_R","Defend_R","Defend_R","Defend_R","Defend_R","Bash","Sword Boomerang","Sword Boomerang","Combust","Flex+1","Rupture","Dropkick","Disarm+1","Berserk+1","Sword Boomerang","Battle Trance","Inflame+1","Feed","Limit Break","Sword Boomerang+1","Battle Trance","Cleave","Spot Weakness","Shrug It Off","Exhume"],"special_seed":0,"relics":["Burning Blood"],"potions_floor_usage":[21,24],"damage_taken":[{"damage":10.0,"enemies":"Jaw Worm","floor":1.0,"turns":4.0},{"damage":6.0,"enemies":"Cultist","floor":3.0,"turns":3.0},{"damage":10.0,"enemies":"2 Louse","floor":5.0,"turns":3.0},{"damage":10.0,"enemies":"Gremlin Gang","floor":10.0,"turns":5.0},{"damage":2.0,"enemies":"Blue Slaver","floor":11.0,"turns":2.0},{"damage":2.0,"enemies":"Large Slime","floor":12.0,"turns":4.0},{"damage":4.0,"enemies":"Looter","floor":14.0,"turns":4.0},{"damage":5.0,"enemies":"Slime Boss","floor":16.0,"turns":6.0},{"damage":32.0,"enemies":"Spheric Guardian","floor":18.0,"turns":5.0},{"damage":29,"enemies":"2 Thieves","floor":20,"turns":4},{"damage":28,"enemies":"Centurion and Healer","floor":21,"turns":5},{"damage":37,"enemies":"Shelled Parasite and Fungi","floor":24,"turns":5},{"damage":51,"enemies":"Snecko","floor":27,"turns":6},{"damage":13,"enemies":"Centurion and Healer","floor":28,"turns":3}],"seed_played":"-3382059275707801747","potions_obtained":[{"floor":3.0,"key":"FairyPotion"},{"floor":5.0,"key":"SkillPotion"},{"floor":10.0,"key":"PowerPotion"},{"floor":18.0,"key":"ElixirPotion"},{"floor":21,"key":"LiquidMemories"}],"is_trial":false,"path_per_floor":["M","?","M","$","M","R","?","R","T","M","M","M","R","M","R","B",null,"M","?","M","M","$","R","M","R","T","M","M"],"character_chosen":"IRONCLAD","items_purchased":["Rupture","Shrug It Off"],"campfire_rested":2,"item_purchase_floors":[4,22],"current_hp_per_floor":[76,76,76,76,72,72,72,72,72,68,72,76,76,78,78,79,80,54,54,31,12,12,36,8,33,33,13,0],"gold":259,"neow_bonus":"THREE_CARDS","is_prod":false,"is_daily":false,"chose_seed":false,"campfire_upgraded":4,"win_rate":0,"timestamp":1636560933,"path_taken":["M","?","?","$","M","R","?","R","T","?","M","M","R","M","R","BOSS","M","?","M","M","$","R","M","R","T","M","M"],"build_version":"2020-12-22","purchased_purges":1,"victory":false,"max_hp_per_floor":[80,80,80,80,80,80,80,80,80,80,80,80,80,80,80,80,80,80,80,80,83,83,83,86,86,86,86,86],"card_choices":[{"not_picked":["Heavy Blade","Intimidate"],"picked":"Sword Boomerang","floor":0.0},{"not_picked":["True Grit","Iron Wave"],"picked":"Sword Boomerang","floor":1.0},{"not_picked":["Shrug It Off","Havoc"],"picked":"Flex","floor":3.0},{"not_picked":["Uppercut","Feel No Pain"],"picked":"Dropkick","floor":5.0},{"not_picked":["Pommel Strike","Thunderclap"],"picked":"Sword Boomerang","floor":10.0},{"not_picked":["True Grit","Whirlwind"],"picked":"Battle Trance","floor":11.0},{"not_picked":["Body Slam","Cleave"],"picked":"Inflame","floor":12.0},{"not_picked":["Clothesline","Dropkick"],"picked":"Feed","floor":14.0},{"not_picked":["Demon Form","Bludgeon"],"picked":"Limit Break","floor":16.0},{"not_picked":["Flex","Uppercut"],"picked":"Sword Boomerang+1","floor":18.0},{"not_picked":["Flex","Clothesline"],"picked":"Cleave","floor":20},{"not_picked":["Thunderclap","Wild Strike"],"picked":"Spot Weakness","floor":21},{"not_picked":["True Grit","Clothesline"],"picked":"Exhume","floor":24},{"not_picked":["Headbutt","Power Through","Pommel Strike"],"picked":"SKIP","floor":27}],"player_experience":1658560,"relics_obtained":[],"event_choices":[{"damage_healed":0.0,"max_hp_gain":0.0,"max_hp_loss":0.0,"gold_gain":0.0,"cards_transformed":["Strike_R"],"event_name":"Transmorgrifier","player_choice":"Transformed","floor":2.0,"gold_loss":0.0,"damage_taken":0.0,"cards_obtained":["Combust"]},{"damage_healed":0.0,"max_hp_gain":0.0,"max_hp_loss":0.0,"gold_gain":0.0,"event_name":"Match and Keep!","player_choice":"2 cards matched","floor":7.0,"gold_loss":0.0,"damage_taken":0.0,"cards_obtained":["Disarm","Berserk"]},{"damage_healed":0,"gold_gain":0,"player_choice":"Read","damage_taken":0,"max_hp_gain":0,"max_hp_loss":0,"event_name":"The Library","floor":19,"gold_loss":0,"cards_obtained":["Battle Trance"]}],"is_beta":false,"boss_relics":[{"not_picked":["Tiny House","Snecko Eye","SacredBark"]}],"items_purged_floors":[22],"is_endless":false,"potions_floor_spawned":[3,5,10,18,21],"killed_by":"Centurion and Healer","ascension_level":0}