{"gold_per_floor":[109,184,200,216,216,243,260,260,260,276,276,290,290,322,322,423,423,436,436,436,446,458,458,458,458,483,496,496,496,510,510,510,611,611,626,626,643,643,655,655,655],"floor_reached":41,"playtime":1469,"items_purged":[],"score":403,"play_id":"63e343b9-d153-4b85-9a5f-95df7373903e","local_time":"20211129205004","is_ascension_mode":false,"campfire_choices":[{"data":"Disarm","floor":8,"key":"SMITH"},{"floor":11,"key":"REST"},{"data":"Double Tap","floor":15,"key":"SMITH"},{"data":"Bludgeon","floor":23,"key":"SMITH"},{"data":"Shockwave","floor":25,"key":"SMITH"},{"data":"Reaper","floor":28,"key":"SMITH"},{"data":"Armaments","floor":32,"key":"SMITH"},{"floor":40,"key":"REST"}],"neow_cost":"NONE","seed_source_timestamp":760745828314900,"circlet_count":0,"master_deck":["Strike_R","Strike_R","Strike_R","Defend_R","Defend_R","Defend_R","Defend_R","Bash","Pommel Strike","Armaments+1","Clothesline","Disarm+1","Limit Break","Perfected Strike","Reaper+1","Double Tap+1","Bludgeon+1","Intimidate+1","Shockwave+1","Uppercut","Heavy Blade+1","Demon Form"],"relics":["Snecko Eye"],"potions_floor_usage":[41,41],"damage_taken":[{"damage":3,"enemies":"2 Louse","floor":1,"turns":3},{"damage":1,"enemies":"Jaw Worm","floor":3,"turns":3},{"damage":1,"enemies":"Small Slimes","floor":4,"turns":3},{"damage":16,"enemies":"Lagavulin","floor":6,"turns":5},{"damage":0,"enemies":"2 Fungi Beasts","floor":7,"turns":3},{"damage":5,"enemies":"Lots of Slimes","floor":10,"turns":3},{"damage":5,"enemies":"3 Louse","floor":12,"turns":4},{"damage":12,"enemies":"Gremlin Nob","floor":14,"turns":4},{"damage":8,"enemies":"The Guardian","floor":16,"turns":8},{"damage":12,"enemies":"2 Thieves","floor":18,"turns":4},{"damage":0,"enemies":"Chosen","floor":21,"turns":2},{"damage":9,"enemies":"Snake Plant","floor":22,"turns":3},{"damage":0,"enemies":"3 Cultists","floor":27,"turns":3},{"damage":0,"enemies":"Snecko","floor":30,"turns":2},{"damage":53,"enemies":"Automaton","floor":33,"turns":8},{"damage":0,"enemies":"3 Shapes","floor":35,"turns":3},{"damage":23,"enemies":"Orb Walker","floor":37,"turns":4},{"damage":13,"enemies":"Spire Growth","floor":39,"turns":3},{"damage":92,"enemies":"Nemesis","floor":41,"turns":8}],"seed_played":"1141485845999552135","potions_obtained":[{"floor":1,"key":"SkillPotion"},{"floor":7,"key":"HeartOfIron"},{"floor":10,"key":"SpeedPotion"},{"floor":14,"key":"BlessingOfTheForge"}],"is_trial":false,"path_per_floor":["M","?","M","M","?","E","M","R","T","M","R","M","?","E","R","B",null,"M","?","?","M","M","R","?","R","T","M","R","?","M","?","R","B",null,"M","?","M","?","M","R","E"],"character_chosen":"IRONCLAD","items_purchased":[],"campfire_rested":2,"item_purchase_floors":[],"current_hp_per_floor":[77,66,65,64,69,53,53,53,53,48,73,68,68,62,62,54,85,81,65,65,71,62,62,62,62,62,74,74,74,74,74,74,21,90,90,85,62,62,56,81,0],"gold":655,"neow_bonus":"BOSS_RELIC","is_prod":false,"is_daily":false,"chose_seed":false,"campfire_upgraded":6,"win_rate":0,"timestamp":1638215404,"path_taken":["M","?","M","M","?","E","M","R","T","M","R","M","?","E","R","BOSS","M","?","?","M","M","R","?","R","T","?","R","?","?","?","R","BOSS","M","?","M","?","M","R","E"],"build_version":"2020-12-22","purchased_purges":0,"victory":false,"max_hp_per_floor":[80,80,80,80,85,85,85,85,85,85,85,85,85,85,85,85,85,85,90,90,90,90,90,90,90,90,90,90,90,90,90,90,90,90,90,85,85,85,85,85,85],"card_choices":[{"not_picked":["Rage","Clash","Combust"],"picked":"SKIP","floor":1},{"not_picked":["Burning Pact","Rage"],"picked":"Pommel Strike","floor":3},{"not_picked":["Body Slam","Thunderclap"],"picked":"Armaments","floor":4},{"not_picked":["Havoc","Anger"],"picked":"Clothesline","floor":6},{"not_picked":["Flex","Blood for Blood"],"picked":"Disarm","floor":7},{"not_picked":["Clothesline","Heavy Blade"],"picked":"Limit Break","floor":10},{"not_picked":["Combust","Warcry"],"picked":"Perfected Strike","floor":12},{"not_picked":["Heavy Blade","Rage"],"picked":"Double Tap","floor":14},{"not_picked":["Immolate","Reaper"],"picked":"Bludgeon","floor":16},{"not_picked":["Anger","Body Slam"],"picked":"Intimidate+1","floor":18},{"not_picked":["Metallicize","True Grit"],"picked":"Uppercut","floor":21},{"not_picked":["Sentinel+1","Wild Strike","Seeing Red"],"picked":"SKIP","floor":22},{"not_picked":["Sentinel","Clothesline","Sword Boomerang"],"picked":"SKIP","floor":27},{"not_picked":["Iron Wave+1","Sever Soul"],"picked":"Heavy Blade+1","floor":30},{"not_picked":["Barricade","Juggernaut"],"picked":"Demon Form","floor":33},{"not_picked":["Iron Wave+1","Anger+1","Reckless Charge+1"],"picked":"SKIP","floor":35},{"not_picked":["Warcry","Perfected Strike","Combust"],"picked":"SKIP","floor":37},{"not_picked":["Thunderclap","True Grit","Armaments+1"],"picked":"SKIP","floor":39}],"player_experience":1678511,"relics_obtained":[],"event_choices":[{"damage_healed":0,"gold_gain":75,"player_choice":"Gather Gold","damage_taken":11,"max_hp_gain":0,"max_hp_loss":0,"event_name":"World of Goop","floor":2,"gold_loss":0},{"damage_healed":0,"gold_gain":0,"player_choice":"Donut","damage_taken":0,"max_hp_gain":5,"max_hp_loss":0,"event_name":"Big Fish","floor":5,"gold_loss":0},{"damage_healed":0,"gold_gain":0,"cards_transformed":["Strike_R"],"player_choice":"Change","damage_taken":0,"max_hp_gain":0,"max_hp_loss":0,"event_name":"Living Wall","floor":13,"gold_loss":0,"cards_obtained":["Reaper"]},{"damage_healed":0,"gold_gain":0,"player_choice":"Shed Blood","damage_taken":21,"max_hp_gain":5,"max_hp_loss":0,"event_name":"Forgotten Altar","floor":19,"gold_loss":0},{"damage_healed":0,"gold_gain":0,"player_choice":"Read","damage_taken":0,"max_hp_gain":0,"max_hp_loss":0,"event_name":"The Library","floor":20,"gold_loss":0,"cards_obtained":["Shockwave"]},{"cards_removed":["Strike_R"],"damage_healed":0,"gold_gain":0,"player_choice":"Offered Basic","damage_taken":0,"max_hp_gain":0,"max_hp_loss":0,"event_name":"Bonfire Elementals","floor":24,"gold_loss":0},{"damage_healed":0,"gold_gain":0,"player_choice":"Ignored","damage_taken":0,"max_hp_gain":0,"max_hp_loss":0,"event_name":"WeMeetAgain","floor":29,"gold_loss":0},{"damage_healed":0,"gold_gain":0,"player_choice":"Max HP","damage_taken":0,"max_hp_gain":0,"max_hp_loss":5,"event_name":"Winding Halls","floor":36,"gold_loss":0},{"damage_healed":0,"gold_gain":0,"player_choice":"Ignored","damage_taken":0,"max_hp_gain":0,"max_hp_loss":0,"event_name":"Tomb of Lord Red Mask","floor":38,"gold_loss":0}],"is_beta":false,"boss_relics":[{"not_picked":["Sozu","Velvet Choker","Empty Cage"]},{"not_picked":["Tiny House","Astrolabe","Runic Dome"]}],"items_purged_floors":[],"is_endless":false,"potions_floor_spawned":[1,7,10,14,22,27,33],"killed_by":"Nemesis","ascension_level":0}