{"gold_per_floor":[119,394,130,164,221,221,276,324,362,484,556,606,673,177,177,303,303,365,91,133,133,201,254,254,254],"floor_reached":25,"playtime":997,"items_purged":["Regret","Strike_R","Strike_R"],"score":280,"play_id":"f587dde4-50c4-4824-be98-da454dbf8cd7","local_time":"20211206233016","is_ascension_mode":true,"campfire_choices":[{"data":"HandOfGreed","floor":6,"key":"SMITH"},{"data":"Sadistic Nature","floor":15,"key":"SMITH"},{"data":"Shockwave","floor":24,"key":"SMITH"}],"neow_cost":"TEN_PERCENT_HP_LOSS","seed_source_timestamp":1375636691945000,"circlet_count":0,"master_deck":["Strike_R+1","Strike_R","Strike_R+1","Defend_R","Defend_R","Defend_R","Defend_R","Bash","Sadistic Nature+1","Shockwave+1","HandOfGreed+1","Thunderclap"],"relics":["Burning Blood","MawBank","Oddly Smooth Stone","Toy Ornithopter","MealTicket","Sling","Sundial","SacredBark","Whetstone","Strawberry"],"potions_floor_usage":[7,13,18,22,23,25,25],"damage_taken":[{"damage":1,"enemies":"Jaw Worm","floor":1,"turns":3},{"damage":0,"enemies":"Cultist","floor":4,"turns":3},{"damage":10,"enemies":"Small Slimes","floor":5,"turns":6},{"damage":25,"enemies":"Gremlin Nob","floor":7,"turns":5},{"damage":5,"enemies":"Looter","floor":8,"turns":4},{"damage":15,"enemies":"3 Sentries","floor":10,"turns":8},{"damage":8,"enemies":"Exordium Thugs","floor":11,"turns":6},{"damage":0,"enemies":"3 Louse","floor":12,"turns":3},{"damage":22,"enemies":"Gremlin Nob","floor":13,"turns":5},{"damage":13,"enemies":"Slime Boss","floor":16,"turns":8},{"damage":18,"enemies":"2 Thieves","floor":18,"turns":4},{"damage":20,"enemies":"Shell Parasite","floor":20,"turns":6},{"damage":12,"enemies":"Centurion and Healer","floor":22,"turns":4},{"damage":29,"enemies":"Gremlin Leader","floor":23,"turns":5},{"damage":58,"enemies":"Slavers","floor":25,"turns":4}],"seed_played":"-1693529343600363751","potions_obtained":[{"floor":1,"key":"AttackPotion"},{"floor":7,"key":"CultistPotion"},{"floor":8,"key":"FearPotion"},{"floor":11,"key":"Weak Potion"},{"floor":18,"key":"Swift Potion"},{"floor":21,"key":"DuplicationPotion"},{"floor":22,"key":"Dexterity Potion"}],"is_trial":false,"path_per_floor":["M","?","$","M","M","R","E","M","T","E","M","M","E","$","R","B",null,"M","$","M","?","M","E","R","E"],"character_chosen":"IRONCLAD","items_purchased":["HandOfGreed","Sling","Sundial","Whetstone"],"campfire_rested":0,"item_purchase_floors":[3,14,14,19],"current_hp_per_floor":[72,72,72,72,68,68,49,50,50,41,39,45,34,49,49,42,72,65,72,58,58,57,46,46,0],"gold":254,"neow_bonus":"RANDOM_COLORLESS_2","is_prod":false,"is_daily":false,"chose_seed":false,"campfire_upgraded":3,"win_rate":0,"timestamp":1638829816,"path_taken":["M","?","$","?","M","R","E","M","T","E","M","M","E","$","R","BOSS","M","$","M","?","?","E","R","E"],"build_version":"2020-12-22","purchased_purges":3,"victory":false,"max_hp_per_floor":[72,72,72,72,72,72,72,72,72,72,72,72,72,72,72,72,72,72,72,72,72,72,79,79,79],"card_choices":[{"not_picked":["Apotheosis","Master of Strategy"],"picked":"Sadistic Nature","floor":0},{"not_picked":["Carnage","Sever Soul"],"picked":"Shockwave","floor":1},{"not_picked":["Reckless Charge","Iron Wave","Pommel Strike"],"picked":"SKIP","floor":4},{"not_picked":["Infernal Blade","Cleave","Havoc"],"picked":"SKIP","floor":5},{"not_picked":["Bludgeon","Reckless Charge","Havoc"],"picked":"SKIP","floor":7},{"not_picked":["Headbutt","Heavy Blade","Thunderclap"],"picked":"SKIP","floor":8},{"not_picked":["Shockwave","Burning Pact"],"picked":"Thunderclap","floor":10},{"not_picked":["Shrug It Off","Sword Boomerang","Headbutt"],"picked":"SKIP","floor":11},{"not_picked":["Clash","Searing Blow","Iron Wave"],"picked":"SKIP","floor":12},{"not_picked":["Twin Strike","Hemokinesis","Pummel"],"picked":"SKIP","floor":13},{"not_picked":["Evolve+1","Havoc","Seeing Red"],"picked":"SKIP","floor":18},{"not_picked":["Perfected Strike","Iron Wave","Inflame"],"picked":"SKIP","floor":20},{"not_picked":["Pommel Strike","Havoc","Cleave"],"picked":"SKIP","floor":22},{"not_picked":["Iron Wave+1","Reaper","Wild Strike"],"picked":"SKIP","floor":23}],"player_experience":1707333,"relics_obtained":[{"floor":7,"key":"MawBank"},{"floor":9,"key":"Oddly Smooth Stone"},{"floor":10,"key":"Toy Ornithopter"},{"floor":13,"key":"MealTicket"},{"floor":23,"key":"Strawberry"}],"event_choices":[{"damage_healed":0,"gold_gain":275,"player_choice":"Desecrate","damage_taken":0,"max_hp_gain":0,"max_hp_loss":0,"event_name":"Golden Shrine","floor":2,"gold_loss":0,"cards_obtained":["Regret"]},{"damage_healed":0,"gold_gain":0,"player_choice":"Got Potions","damage_taken":0,"max_hp_gain":0,"max_hp_loss":0,"event_name":"Lab","floor":21,"gold_loss":0}],"is_beta":false,"boss_relics":[{"not_picked":["Tiny House","Runic Dome"],"picked":"SacredBark"}],"items_purged_floors":[3,14,19],"is_endless":false,"potions_floor_spawned":[1,7,8,11,18,22],"killed_by":"Slavers","ascension_level":1}