{"gold_per_floor":[117,136,147,147,163,163,192,192,192,192,192,208,219,230,230,334,334,334],"floor_reached":18,"playtime":555,"items_purged":[],"score":164,"play_id":"f2c55a2c-4434-4781-80b7-aa976491792f","local_time":"20211129213033","is_ascension_mode":false,"campfire_choices":[{"data":"Flame Barrier","floor":6,"key":"SMITH"},{"floor":8,"key":"REST"},{"data":"Flex","floor":10,"key":"SMITH"},{"floor":15,"key":"REST"}],"neow_cost":"NONE","seed_source_timestamp":764089576731200,"circlet_count":0,"master_deck":["Strike_R","Strike_R+1","Strike_R","Strike_R","Defend_R","Defend_R","Defend_R+1","Defend_R","Bash","Shrug It Off","Rupture","Flame Barrier+1","Flex+1","Clothesline","Armaments","Entrench","Body Slam","Immolate"],"relics":["Philosopher\u0027s Stone"],"potions_floor_usage":[18,18],"damage_taken":[{"damage":0,"enemies":"2 Louse","floor":1,"turns":3},{"damage":0,"enemies":"Small Slimes","floor":2,"turns":3},{"damage":0,"enemies":"Cultist","floor":3,"turns":4},{"damage":2,"enemies":"Gremlin Gang","floor":5,"turns":5},{"damage":45,"enemies":"Gremlin Nob","floor":7,"turns":6},{"damage":0,"enemies":"3 Louse","floor":12,"turns":4},{"damage":0,"enemies":"Blue Slaver","floor":13,"turns":4},{"damage":0,"enemies":"Red Slaver","floor":14,"turns":3},{"damage":62,"enemies":"Slime Boss","floor":16,"turns":16},{"damage":22,"enemies":"3 Byrds","floor":18,"turns":4}],"seed_played":"-8119851376646072746","potions_obtained":[{"floor":2,"key":"Dexterity Potion"},{"floor":13,"key":"SteroidPotion"},{"floor":14,"key":"SkillPotion"},{"floor":16,"key":"Block Potion"}],"is_trial":false,"path_per_floor":["M","M","M","?","M","R","E","R","T","R","?","M","M","M","R","B",null,"M"],"character_chosen":"IRONCLAD","items_purchased":[],"campfire_rested":2,"item_purchase_floors":[],"current_hp_per_floor":[80,80,80,64,62,62,17,41,41,41,41,41,41,41,65,3,80,58],"gold":334,"neow_bonus":"BOSS_RELIC","is_prod":false,"is_daily":false,"chose_seed":false,"campfire_upgraded":2,"win_rate":0,"timestamp":1638217833,"path_taken":["M","M","M","?","M","R","E","R","T","R","?","M","?","?","R","BOSS","M"],"build_version":"2020-12-22","purchased_purges":0,"victory":false,"max_hp_per_floor":[80,80,80,80,80,80,80,80,80,80,80,80,80,80,80,80,80,80],"card_choices":[{"not_picked":["Flex","Sword Boomerang"],"picked":"Shrug It Off","floor":1},{"not_picked":["Ghostly Armor","Sword Boomerang"],"picked":"Rupture","floor":2},{"not_picked":["Twin Strike","True Grit"],"picked":"Flame Barrier","floor":3},{"not_picked":["Armaments","True Grit"],"picked":"Flex","floor":5},{"not_picked":["Twin Strike","Pommel Strike"],"picked":"Clothesline","floor":7},{"not_picked":["Disarm","Havoc"],"picked":"Entrench","floor":12},{"not_picked":["Perfected Strike","Dark Embrace","Carnage"],"picked":"SKIP","floor":13},{"not_picked":["Fiend Fire","Twin Strike"],"picked":"Body Slam","floor":14},{"not_picked":["Double Tap","Berserk"],"picked":"Immolate","floor":16}],"player_experience":1681768,"relics_obtained":[],"event_choices":[{"damage_healed":0,"gold_gain":0,"player_choice":"Entered Light","damage_taken":16,"max_hp_gain":0,"max_hp_loss":0,"event_name":"Shining Light","floor":4,"gold_loss":0,"cards_upgraded":["Defend_R","Strike_R"]},{"damage_healed":0,"gold_gain":0,"cards_transformed":["Strike_R"],"player_choice":"Transformed","damage_taken":0,"max_hp_gain":0,"max_hp_loss":0,"event_name":"Transmorgrifier","floor":11,"gold_loss":0,"cards_obtained":["Armaments"]}],"is_beta":false,"boss_relics":[{"not_picked":["Tiny House","Velvet Choker","Snecko Eye"]}],"items_purged_floors":[],"is_endless":false,"potions_floor_spawned":[2,13,14,16],"killed_by":"3 Byrds","ascension_level":0}