{"gold_per_floor":[113,131,144,94,19,19,54,72,99,99,114,114,114,129,129,233,233,248,148,164,179,54,84,96,96,96,96,96,125,125,0,0,104,104,119,169,169,178,191,191,191,191,218,230],"floor_reached":44,"playtime":847,"items_purged":["Strike_R","Strike_R","Strike_R"],"score":498,"play_id":"967a34a7-9cac-4f30-b6b4-fc87bf25702b","local_time":"20211206231325","is_ascension_mode":true,"campfire_choices":[{"data":"Searing Blow","floor":6,"key":"SMITH"},{"data":"Searing Blow+1","floor":10,"key":"SMITH"},{"data":"Searing Blow+2","floor":13,"key":"SMITH"},{"data":"Searing Blow+3","floor":15,"key":"SMITH"},{"floor":25,"key":"REST"},{"data":"Searing Blow+4","floor":27,"key":"SMITH"},{"data":"Searing Blow+5","floor":30,"key":"SMITH"},{"data":"Searing Blow+6","floor":32,"key":"SMITH"},{"data":"Searing Blow+7","floor":40,"key":"SMITH"},{"data":"Searing Blow+8","floor":42,"key":"SMITH"}],"neow_cost":"NONE","seed_source_timestamp":1374774211233000,"circlet_count":0,"master_deck":["Defend_R","Defend_R+1","Defend_R+1","Bash","Sword Boomerang","Searing Blow+9","Double Tap","Havoc"],"relics":["Philosopher\u0027s Stone","Vajra","War Paint","Shuriken","CeramicFish","Busted Crown","Magic Flower","MawBank"],"potions_floor_usage":[16,16,16,21,33,36,39,41],"damage_taken":[{"damage":0,"enemies":"Cultist","floor":1,"turns":2},{"damage":1,"enemies":"Small Slimes","floor":2,"turns":3},{"damage":7,"enemies":"Jaw Worm","floor":3,"turns":2},{"damage":18,"enemies":"Lagavulin","floor":7,"turns":6},{"damage":0,"enemies":"2 Fungi Beasts","floor":8,"turns":2},{"damage":1,"enemies":"Looter","floor":11,"turns":2},{"damage":11,"enemies":"3 Louse","floor":14,"turns":3},{"damage":9,"enemies":"Hexaghost","floor":16,"turns":6},{"damage":12,"enemies":"2 Thieves","floor":18,"turns":3},{"damage":0,"enemies":"Spheric Guardian","floor":20,"turns":1},{"damage":8,"enemies":"Snake Plant","floor":21,"turns":2},{"damage":37,"enemies":"Slavers","floor":23,"turns":7},{"damage":0,"enemies":"Sentry and Sphere","floor":24,"turns":3},{"damage":5,"enemies":"Gremlin Leader","floor":29,"turns":2},{"damage":9,"enemies":"Champ","floor":33,"turns":4},{"damage":4,"enemies":"3 Darklings","floor":35,"turns":8},{"damage":15,"enemies":"Mind Bloom Boss Battle","floor":36,"turns":3},{"damage":10,"enemies":"3 Shapes","floor":39,"turns":5},{"damage":0,"enemies":"Nemesis","floor":41,"turns":3},{"damage":56,"enemies":"Reptomancer","floor":44,"turns":2}],"seed_played":"-7720431059618435472","potions_obtained":[{"floor":1,"key":"Block Potion"},{"floor":7,"key":"FearPotion"},{"floor":11,"key":"Weak Potion"},{"floor":16,"key":"PowerPotion"},{"floor":18,"key":"Fire Potion"},{"floor":20,"key":"SkillPotion"},{"floor":24,"key":"SmokeBomb"},{"floor":33,"key":"Block Potion"}],"is_trial":false,"path_per_floor":["M","M","M","?","$","R","E","M","T","R","M","?","R","M","R","B",null,"M","$","M","M","$","E","M","R","T","R","$","E","R","?","R","B",null,"M","?","?","?","M","R","E","R","T","E"],"character_chosen":"IRONCLAD","items_purchased":[],"campfire_rested":1,"item_purchase_floors":[],"current_hp_per_floor":[80,79,72,72,72,72,54,54,54,54,53,53,53,42,42,33,80,68,68,68,60,60,23,23,47,47,47,47,42,42,42,42,33,80,76,61,61,61,51,51,51,51,51,0],"gold":230,"neow_bonus":"BOSS_RELIC","is_prod":false,"is_daily":false,"chose_seed":false,"campfire_upgraded":9,"win_rate":0,"timestamp":1638828805,"path_taken":["M","M","?","?","$","R","E","M","T","R","M","?","R","M","R","BOSS","M","$","M","?","$","E","M","R","T","R","$","E","R","?","R","BOSS","M","?","?","?","?","R","E","R","T","E"],"build_version":"2020-12-22","purchased_purges":3,"victory":false,"max_hp_per_floor":[80,80,80,80,80,80,80,80,80,80,80,80,80,80,80,80,80,80,80,80,80,80,80,80,80,80,80,80,80,80,80,80,80,80,80,80,80,80,80,80,80,80,80,80],"card_choices":[{"not_picked":["Sever Soul","Clothesline","Armaments"],"picked":"SKIP","floor":1},{"not_picked":["Armaments","Inflame"],"picked":"Sword Boomerang","floor":2},{"not_picked":["True Grit","Combust"],"picked":"Searing Blow","floor":3},{"not_picked":["Immolate","Disarm","Thunderclap"],"picked":"SKIP","floor":7},{"not_picked":["Heavy Blade","Whirlwind","Disarm"],"picked":"SKIP","floor":8},{"not_picked":["Dark Embrace","Body Slam","Twin Strike"],"picked":"SKIP","floor":11},{"not_picked":["Carnage","Headbutt","Intimidate"],"picked":"SKIP","floor":14},{"not_picked":["Reaper","Demon Form"],"picked":"Double Tap","floor":16},{"not_picked":["Clash","Wild Strike+1","Disarm+1"],"picked":"SKIP","floor":18},{"not_picked":["Thunderclap","Clothesline+1","Anger"],"picked":"SKIP","floor":20},{"not_picked":["Whirlwind","Intimidate","Fire Breathing+1"],"picked":"SKIP","floor":21},{"not_picked":["Bludgeon","Clothesline+1","Headbutt"],"picked":"SKIP","floor":23},{"not_picked":["Sword Boomerang+1","Searing Blow","Perfected Strike+1"],"picked":"SKIP","floor":24},{"not_picked":["Body Slam","Shockwave+1","Whirlwind+1"],"picked":"SKIP","floor":29},{"not_picked":["Warcry+1"],"picked":"SKIP","floor":35},{"not_picked":["Evolve+1"],"picked":"SKIP","floor":39}],"player_experience":1706486,"relics_obtained":[{"floor":7,"key":"Vajra"},{"floor":23,"key":"War Paint"},{"floor":26,"key":"Shuriken"},{"floor":29,"key":"CeramicFish"},{"floor":36,"key":"Magic Flower"},{"floor":43,"key":"MawBank"}],"event_choices":[{"cards_removed":["Strike_R"],"damage_healed":0,"gold_gain":0,"player_choice":"Card Removal","damage_taken":0,"max_hp_gain":0,"max_hp_loss":0,"event_name":"The Cleric","floor":4,"gold_loss":50},{"cards_removed":["Strike_R"],"damage_healed":0,"gold_gain":0,"player_choice":"Offered Basic","damage_taken":0,"max_hp_gain":0,"max_hp_loss":0,"event_name":"Bonfire Elementals","floor":12,"gold_loss":0},{"damage_healed":0,"gold_gain":0,"player_choice":"Paid Fearfully","damage_taken":0,"max_hp_gain":0,"max_hp_loss":0,"event_name":"Masked Bandits","floor":31,"gold_loss":125},{"damage_healed":0,"gold_gain":0,"player_choice":"Fight","damage_taken":0,"max_hp_gain":0,"max_hp_loss":0,"event_name":"MindBloom","floor":36,"gold_loss":0},{"damage_healed":0,"gold_gain":0,"player_choice":"Memory 1","damage_taken":0,"max_hp_gain":0,"max_hp_loss":0,"event_name":"SensoryStone","floor":37,"gold_loss":0},{"damage_healed":0,"gold_gain":0,"cards_transformed":["Defend_R"],"player_choice":"Transformed","damage_taken":0,"max_hp_gain":0,"max_hp_loss":0,"event_name":"Transmorgrifier","floor":38,"gold_loss":0,"cards_obtained":["Havoc"]}],"is_beta":false,"boss_relics":[{"not_picked":["Coffee Dripper","Runic Cube","Ectoplasm"]},{"not_picked":["Mark of Pain","Cursed Key"],"picked":"Busted Crown"}],"items_purged_floors":[5,19,22],"is_endless":false,"potions_floor_spawned":[1,7,11,16,18,20,24,33,35],"killed_by":"Reptomancer","ascension_level":1}