{"gold_per_floor":[112,112,126,106,106,106,147,65,140,153,7,32,55,78,78,199,262],"floor_reached":17,"playtime":492,"items_purged":[],"score":159,"play_id":"8e9de263-46ca-49fb-94b4-2ec99e95b195","local_time":"20211212130829","is_ascension_mode":false,"campfire_choices":[{"data":"Bash","floor":6,"key":"SMITH"},{"floor":15,"key":"REST"}],"neow_cost":"NONE","seed_source_timestamp":0,"circlet_count":0,"master_deck":["Strike_R","Strike_R+1","Strike_R","Defend_R","Defend_R","Defend_R","Bash+1","Inflame+1","Blood for Blood+1","Rupture+1","Sword Boomerang","Injury","Impervious","Disarm","Spot Weakness"],"special_seed":0,"relics":["Astrolabe","Golden Idol","Dream Catcher","Mummified Hand","Oddly Smooth Stone","Tiny House"],"potions_floor_usage":[16],"damage_taken":[{"damage":1.0,"enemies":"Cultist","floor":1.0,"turns":3.0},{"damage":0.0,"enemies":"Small Slimes","floor":3.0,"turns":3.0},{"damage":0.0,"enemies":"2 Louse","floor":5.0,"turns":1.0},{"damage":31,"enemies":"Lagavulin","floor":7,"turns":5},{"damage":16,"enemies":"Exordium Wildlife","floor":10,"turns":3},{"damage":0,"enemies":"Looter","floor":12,"turns":2},{"damage":8,"enemies":"3 Louse","floor":13,"turns":3},{"damage":9,"enemies":"Large Slime","floor":14,"turns":4},{"damage":38,"enemies":"Slime Boss","floor":16,"turns":10}],"seed_played":"288278815782867679","potions_obtained":[{"floor":1.0,"key":"BloodPotion"},{"floor":3.0,"key":"FairyPotion"},{"floor":4.0,"key":"SmokeBomb"},{"floor":12,"key":"SpeedPotion"},{"floor":17,"key":"BloodPotion"}],"is_trial":false,"path_per_floor":["M","?","M","?","M","R","E","$","T","M","$","M","M","M","R","B",null],"character_chosen":"IRONCLAD","items_purchased":["Impervious","Oddly Smooth Stone"],"campfire_rested":1,"item_purchase_floors":[8,11],"current_hp_per_floor":[79,79,79,79,79,79,48,48,48,32,32,32,24,15,39,1,85],"gold":262,"neow_bonus":"BOSS_RELIC","is_prod":false,"is_daily":false,"chose_seed":false,"campfire_upgraded":1,"win_rate":0,"timestamp":1639310909,"path_taken":["M","?","M","?","M","R","E","$","T","M","$","?","M","M","R","BOSS"],"build_version":"2020-12-22","purchased_purges":0,"victory":false,"max_hp_per_floor":[80,80,80,80,80,80,80,80,80,80,80,80,80,80,80,80,85],"card_choices":[{"not_picked":["Warcry","Anger"],"picked":"Sword Boomerang","floor":1.0},{"not_picked":["True Grit","Warcry","Sword Boomerang"],"picked":"SKIP","floor":3.0},{"not_picked":["Flex","Fire Breathing","Rampage"],"picked":"SKIP","floor":7},{"not_picked":["Armaments","Thunderclap"],"picked":"Disarm","floor":10},{"not_picked":["Armaments","Wild Strike","Pummel"],"picked":"SKIP","floor":12},{"not_picked":["Sword Boomerang","Uppercut"],"picked":"Spot Weakness","floor":13},{"not_picked":["Pommel Strike","Rampage","Sword Boomerang"],"picked":"SKIP","floor":14}],"player_experience":1712190,"relics_obtained":[{"floor":7,"key":"Dream Catcher"},{"floor":9,"key":"Mummified Hand"}],"event_choices":[{"damage_healed":0.0,"max_hp_gain":0.0,"max_hp_loss":0.0,"gold_gain":0.0,"event_name":"Golden Idol","player_choice":"Take Wound","floor":2.0,"gold_loss":0.0,"damage_taken":0.0,"relics_obtained":["Golden Idol"],"cards_obtained":["Injury"]},{"damage_healed":0.0,"max_hp_gain":0.0,"max_hp_loss":0.0,"gold_gain":0.0,"event_name":"The Woman in Blue","player_choice":"Bought 1 Potion","floor":4.0,"gold_loss":0.0,"damage_taken":0.0}],"is_beta":false,"boss_relics":[{"not_picked":["Mark of Pain","Cursed Key"],"picked":"Tiny House"}],"items_purged_floors":[],"is_endless":false,"potions_floor_spawned":[1,3,5,12],"ascension_level":0}