{"gold_per_floor":[117,192,202,202,215,240,240,257,257,288,305,315,315,315,315,47,47,47],"floor_reached":18,"playtime":592,"items_purged":[],"score":130,"play_id":"2ce2311a-0fe4-4ca9-82ad-5faf356f9bb8","local_time":"20211219121414","is_ascension_mode":true,"campfire_choices":[{"data":"Run Through","floor":7,"key":"SMITH"},{"floor":17,"key":"REST"}],"neow_cost":"NONE","seed_source_timestamp":594262972976200,"circlet_count":0,"master_deck":["Strike_R+1","Strike_R+1","Strike_R+1","Strike_R+1","Strike_R","Defend_R","Defend_R","Defend_R","Defend_R","Bash","ReplayTheSpireMod:Strike From Hell","Run Through+1","Life Link","Replay:Many Hands","Midas Touch","Replay:Bootleg Shield Generator"],"relics":["Burning Blood","Whetstone","Gremlin Horn","Gambling Chip","Champion Belt"],"potions_floor_usage":[6,10,15],"damage_taken":[{"damage":2,"enemies":"2 Louse","floor":1,"turns":3},{"damage":5,"enemies":"Small Slimes","floor":3,"turns":4},{"damage":7,"enemies":"Jaw Worm","floor":5,"turns":4},{"damage":6,"enemies":"Gremlin Nob","floor":6,"turns":3},{"damage":8,"enemies":"Red Slaver","floor":8,"turns":3},{"damage":31,"enemies":"3 Sentries","floor":10,"turns":8},{"damage":1,"enemies":"2 Fungi Beasts","floor":11,"turns":3},{"damage":26,"enemies":"Exordium Thugs","floor":12,"turns":4},{"damage":0,"enemies":"Looter","floor":15,"turns":1},{"damage":43,"enemies":"Slime Boss","floor":18,"turns":7}],"seed_played":"8312757861514304519","potions_obtained":[{"floor":3,"key":"LiquidMemories"},{"floor":8,"key":"LiquidBronze"},{"floor":11,"key":"SmokeBomb"},{"floor":12,"key":"LiquidBronze"}],"is_trial":false,"path_per_floor":["M","?","M","?","M","E","R","M","T","E","M","M","PTL","PTL","M","$","R","B"],"character_chosen":"IRONCLAD","items_purchased":["Midas Touch","Replay:Bootleg Shield Generator"],"campfire_rested":1,"item_purchase_floors":[16,16],"current_hp_per_floor":[80,69,70,54,53,53,53,51,51,26,31,11,11,11,17,17,41,0],"gold":47,"neow_bonus":"RANDOM_COMMON_RELIC","is_prod":false,"is_daily":false,"chose_seed":false,"campfire_upgraded":1,"win_rate":0,"timestamp":1639912454,"path_taken":["M","?","M","?","M","E","R","M","T","E","M","M","PTL","PTL","M","$","R","BOSS"],"build_version":"2020-12-22","purchased_purges":0,"victory":false,"max_hp_per_floor":[80,80,80,80,80,80,80,80,80,80,80,80,80,80,80,80,80,80],"card_choices":[{"not_picked":["Iron Wave","Replay:Undeath\u0027s Touch"],"picked":"ReplayTheSpireMod:Strike From Hell","floor":1},{"not_picked":["Thunderclap","ReplayTheSpireMod:Strike From Hell","Headbutt"],"picked":"SKIP","floor":3},{"not_picked":["Carnage","Spot Weakness"],"picked":"Run Through","floor":5},{"not_picked":["Power Through","Clothesline","Fire Breathing"],"picked":"SKIP","floor":6},{"not_picked":["Warcry","Pommel Strike","Headbutt"],"picked":"SKIP","floor":8},{"not_picked":["Bloodletting","Battle Trance","Warcry"],"picked":"SKIP","floor":10},{"not_picked":["Disarm","Flex"],"picked":"Life Link","floor":11},{"not_picked":["Massacre","Pommel Strike"],"picked":"Replay:Many Hands","floor":12}],"player_experience":1737122,"relics_obtained":[{"floor":6,"key":"Gremlin Horn"},{"floor":9,"key":"Gambling Chip"},{"floor":10,"key":"Champion Belt"}],"event_choices":[{"damage_healed":0,"gold_gain":75,"player_choice":"Gather Gold","damage_taken":11,"max_hp_gain":0,"max_hp_loss":0,"event_name":"World of Goop","floor":2,"gold_loss":0},{"damage_healed":0,"gold_gain":0,"player_choice":"Entered Light","damage_taken":16,"max_hp_gain":0,"max_hp_loss":0,"event_name":"Shining Light","floor":4,"gold_loss":0,"cards_upgraded":["Strike_R","Strike_R"]}],"is_beta":false,"boss_relics":[],"items_purged_floors":[],"is_endless":false,"potions_floor_spawned":[3,8,11,12],"killed_by":"Slime Boss","ascension_level":1}