{"gold_per_floor":[110,110,127,103,123,123,155,155,155,155,166,181,181,194,194,296,296,308,308,320,320,320,320,320],"floor_reached":24,"playtime":492,"items_purged":[],"score":221,"play_id":"6cf72b84-5810-4637-9715-38307ca47d1a","local_time":"20211212132735","is_ascension_mode":false,"campfire_choices":[{"data":"Spot Weakness","floor":6,"key":"SMITH"},{"data":"Bash","floor":8,"key":"SMITH"},{"data":"Shrug It Off","floor":10,"key":"SMITH"},{"data":"Heavy Blade","floor":15,"key":"SMITH"},{"floor":23,"key":"REST"}],"neow_cost":"NONE","seed_source_timestamp":1139207847900,"circlet_count":0,"master_deck":["Strike_R","Strike_R","Strike_R","Strike_R","Strike_R","Defend_R","Defend_R","Defend_R","Defend_R","Bash+1","Shrug It Off+1","Spot Weakness+1","Rampage","Spot Weakness","Heavy Blade+1","Spot Weakness+1"],"relics":["SacredBark"],"potions_floor_usage":[7,16,20],"damage_taken":[{"damage":0,"enemies":"Small Slimes","floor":1,"turns":3},{"damage":5,"enemies":"Jaw Worm","floor":3,"turns":4},{"damage":2,"enemies":"Cultist","floor":5,"turns":4},{"damage":31,"enemies":"Lagavulin","floor":7,"turns":7},{"damage":9,"enemies":"Exordium Wildlife","floor":11,"turns":4},{"damage":8,"enemies":"Blue Slaver","floor":12,"turns":3},{"damage":5,"enemies":"Looter","floor":14,"turns":3},{"damage":4,"enemies":"Hexaghost","floor":16,"turns":7},{"damage":22,"enemies":"Shell Parasite","floor":18,"turns":5},{"damage":21,"enemies":"Spheric Guardian","floor":20,"turns":6},{"damage":64,"enemies":"3 Cultists","floor":24,"turns":5}],"seed_played":"3218399741951250022","potions_obtained":[{"floor":1,"key":"SneckoOil"},{"floor":14,"key":"DistilledChaos"},{"floor":16,"key":"BloodPotion"},{"floor":18,"key":"SkillPotion"}],"is_trial":false,"path_per_floor":["M","?","M","$","M","R","E","R","T","R","M","M","?","M","R","B",null,"M","?","M","?","?","R","M"],"character_chosen":"IRONCLAD","items_purchased":["Shrug It Off"],"campfire_rested":1,"item_purchase_floors":[4],"current_hp_per_floor":[80,80,75,75,73,73,42,42,42,42,33,25,25,20,20,16,80,58,58,37,37,37,61,0],"gold":320,"neow_bonus":"BOSS_RELIC","is_prod":false,"is_daily":false,"chose_seed":false,"campfire_upgraded":4,"win_rate":0,"timestamp":1639312055,"path_taken":["M","?","M","$","M","R","E","R","T","R","M","M","?","M","R","BOSS","M","?","?","?","?","R","M"],"build_version":"2020-12-22","purchased_purges":0,"victory":false,"max_hp_per_floor":[80,80,80,80,80,80,80,80,80,80,80,80,80,80,80,80,80,80,80,80,80,80,80,80],"card_choices":[{"not_picked":["Dark Embrace","Warcry","Twin Strike"],"picked":"SKIP","floor":1},{"not_picked":["Perfected Strike","Heavy Blade","Twin Strike"],"picked":"SKIP","floor":3},{"not_picked":["Inflame","Carnage"],"picked":"Spot Weakness","floor":5},{"not_picked":["Flex","Metallicize","Bloodletting"],"picked":"SKIP","floor":7},{"not_picked":["Cleave","True Grit"],"picked":"Rampage","floor":11},{"not_picked":["Thunderclap","Shrug It Off"],"picked":"Spot Weakness","floor":12},{"not_picked":["Hemokinesis","Clash"],"picked":"Heavy Blade","floor":14},{"not_picked":["Thunderclap","Rage"],"picked":"Spot Weakness+1","floor":18},{"not_picked":["Combust","Body Slam","True Grit"],"picked":"SKIP","floor":20}],"player_experience":1713224,"relics_obtained":[],"event_choices":[{"damage_healed":0,"gold_gain":0,"player_choice":"Fled","damage_taken":0,"max_hp_gain":0,"max_hp_loss":0,"event_name":"Scrap Ooze","floor":2,"gold_loss":0},{"damage_healed":0,"gold_gain":0,"player_choice":"Searched \u00270\u0027 times","damage_taken":0,"max_hp_gain":0,"max_hp_loss":0,"event_name":"Dead Adventurer","floor":13,"gold_loss":0},{"damage_healed":0,"gold_gain":0,"player_choice":"Ignored","damage_taken":0,"max_hp_gain":0,"max_hp_loss":0,"event_name":"NoteForYourself","floor":19,"gold_loss":0},{"damage_healed":0,"gold_gain":0,"player_choice":"Ignored","damage_taken":0,"max_hp_gain":0,"max_hp_loss":0,"event_name":"Ghosts","floor":22,"gold_loss":0}],"is_beta":false,"boss_relics":[{"not_picked":["Snecko Eye","Calling Bell","Black Star"]}],"items_purged_floors":[],"is_endless":false,"potions_floor_spawned":[1,14,16,18],"killed_by":"3 Cultists","ascension_level":0}