{"gold_per_floor":[113,188,151,162,174,174,187,112,137,151,151,151,180,194,194,296,296,313,213,213,213,228,228],"floor_reached":23,"playtime":531,"items_purged":["Strike_R","Strike_R"],"score":216,"play_id":"3fecc9bc-02e6-4138-a5d7-878240fee285","local_time":"20211212131914","is_ascension_mode":false,"campfire_choices":[{"data":"Searing Blow","floor":6,"key":"SMITH"},{"data":"Searing Blow+1","floor":12,"key":"SMITH"},{"data":"Searing Blow+2","floor":15,"key":"SMITH"}],"neow_cost":"NONE","seed_source_timestamp":599631659100,"circlet_count":0,"master_deck":["Strike_R","Strike_R","Strike_R","Defend_R","Defend_R","Defend_R","Defend_R","Bash","Dropkick","Searing Blow+3","Spot Weakness","Feed","Ghostly Armor+1"],"relics":["Burning Blood"],"potions_floor_usage":[11,13,16,18,22,23],"damage_taken":[{"damage":5,"enemies":"2 Louse","floor":1,"turns":3},{"damage":0,"enemies":"Cultist","floor":4,"turns":2},{"damage":6,"enemies":"Jaw Worm","floor":5,"turns":2},{"damage":8,"enemies":"Red Slaver","floor":7,"turns":5},{"damage":14,"enemies":"3 Louse","floor":10,"turns":4},{"damage":34,"enemies":"Gremlin Nob","floor":13,"turns":4},{"damage":6,"enemies":"Blue Slaver","floor":14,"turns":5},{"damage":24,"enemies":"Hexaghost","floor":16,"turns":8},{"damage":41,"enemies":"Shell Parasite","floor":18,"turns":7},{"damage":25,"enemies":"2 Thieves","floor":22,"turns":5},{"damage":16,"enemies":"Gremlin Leader","floor":23,"turns":3}],"seed_played":"4232542076260048297","potions_obtained":[{"floor":1,"key":"HeartOfIron"},{"floor":5,"key":"GamblersBrew"},{"floor":11,"key":"Fruit Juice"},{"floor":11,"key":"GamblersBrew"},{"floor":13,"key":"Energy Potion"},{"floor":16,"key":"ColorlessPotion"}],"is_trial":false,"path_per_floor":["M","?","$","M","M","R","M","$","T","M","?","R","E","M","R","B",null,"M","$","?","?","M","E"],"character_chosen":"IRONCLAD","items_purchased":["Searing Blow"],"campfire_rested":0,"item_purchase_floors":[3],"current_hp_per_floor":[88,80,80,86,86,86,84,84,84,76,81,81,53,53,53,35,93,61,61,61,42,23,7],"gold":228,"neow_bonus":"TEN_PERCENT_HP_BONUS","is_prod":false,"is_daily":false,"chose_seed":false,"campfire_upgraded":3,"win_rate":0,"timestamp":1639311554,"path_taken":["M","?","?","?","M","R","M","$","T","M","?","R","E","M","R","BOSS","M","$","?","?","M","E"],"build_version":"2020-12-22","purchased_purges":2,"victory":false,"max_hp_per_floor":[88,88,88,88,88,88,88,88,88,88,93,93,93,93,93,93,93,96,96,96,101,101,101],"card_choices":[{"not_picked":["Feel No Pain","Blood for Blood"],"picked":"Dropkick","floor":1},{"not_picked":["Sentinel","Thunderclap"],"picked":"Spot Weakness","floor":4},{"not_picked":["Sever Soul","Flame Barrier","Wild Strike"],"picked":"SKIP","floor":5},{"not_picked":["Body Slam","Cleave","Metallicize"],"picked":"SKIP","floor":7},{"not_picked":["Iron Wave","Clothesline","Brutality"],"picked":"SKIP","floor":10},{"not_picked":["Metallicize","Wild Strike","Anger"],"picked":"SKIP","floor":13},{"not_picked":["Armaments","Clash","Thunderclap"],"picked":"SKIP","floor":14},{"not_picked":["Corruption","Reaper"],"picked":"Feed","floor":16},{"not_picked":["Perfected Strike","Flame Barrier"],"picked":"Ghostly Armor+1","floor":18},{"not_picked":["Headbutt","Clash","Pommel Strike"],"picked":"SKIP","floor":22}],"player_experience":1712693,"relics_obtained":[],"event_choices":[{"damage_healed":0,"gold_gain":75,"player_choice":"Touch","damage_taken":8,"max_hp_gain":0,"max_hp_loss":0,"event_name":"FaceTrader","floor":2,"gold_loss":0},{"damage_healed":0,"gold_gain":0,"player_choice":"Got Potions","damage_taken":0,"max_hp_gain":0,"max_hp_loss":0,"event_name":"Lab","floor":11,"gold_loss":0},{"damage_healed":0,"gold_gain":0,"player_choice":"Ignored","damage_taken":0,"max_hp_gain":0,"max_hp_loss":0,"event_name":"Cursed Tome","floor":20,"gold_loss":0},{"damage_healed":0,"gold_gain":0,"player_choice":"Shed Blood","damage_taken":24,"max_hp_gain":5,"max_hp_loss":0,"event_name":"Forgotten Altar","floor":21,"gold_loss":0}],"is_beta":false,"boss_relics":[{"not_picked":["SlaversCollar","Runic Dome","Ectoplasm"]}],"items_purged_floors":[8,19],"is_endless":false,"potions_floor_spawned":[1,5,13,16],"killed_by":"Gremlin Leader","ascension_level":0}