{"gold_per_floor":[11,11,11,11,26,61,77,77,103,143,143,157,193,216,216,337,337,362,375,13,33,33,66,66,109,135,179,179,197,210,243,243,362,425,448,448,448,448,388,388],"floor_reached":40,"playtime":956,"items_purged":["Strike_R"],"score":506,"play_id":"c4b3e202-a327-42e2-84e0-73a43a8ff35d","local_time":"20211216160334","is_ascension_mode":true,"campfire_choices":[{"data":"Whirlwind","floor":8,"key":"SMITH"},{"data":"Body Slam","floor":11,"key":"SMITH"},{"data":"Bash","floor":15,"key":"SMITH"},{"data":"Impervious","floor":32,"key":"SMITH"}],"neow_cost":"NO_GOLD","seed_source_timestamp":348455082400400,"circlet_count":0,"master_deck":["Strike_R+1","Strike_R+1","Defend_R","Defend_R","Bash+1","Whirlwind+1","Body Slam+1","Impervious+1","Body Slam","Blood for Blood","Armaments"],"relics":["Burning Blood","Incense Burner","Golden Idol","Red Skull","Centennial Puzzle","Blue Candle","Oddly Smooth Stone","Coffee Dripper","Dead Branch","Whetstone","Anchor","Bag of Preparation","MealTicket","Potion Belt","Tiny House"],"potions_floor_usage":[16,19,23,33,40],"damage_taken":[{"damage":7,"enemies":"Small Slimes","floor":1,"turns":4},{"damage":3,"enemies":"2 Louse","floor":5,"turns":2},{"damage":51,"enemies":"Gremlin Nob","floor":6,"turns":6},{"damage":0,"enemies":"Cultist","floor":7,"turns":2},{"damage":9,"enemies":"3 Sentries","floor":10,"turns":4},{"damage":0,"enemies":"Lots of Slimes","floor":12,"turns":1},{"damage":14,"enemies":"Gremlin Nob","floor":13,"turns":3},{"damage":0,"enemies":"Large Slime","floor":14,"turns":4},{"damage":6,"enemies":"Hexaghost","floor":16,"turns":9},{"damage":0,"enemies":"3 Byrds","floor":18,"turns":4},{"damage":2,"enemies":"Shell Parasite","floor":19,"turns":4},{"damage":0,"enemies":"3 Cultists","floor":21,"turns":4},{"damage":7,"enemies":"Slavers","floor":23,"turns":3},{"damage":12,"enemies":"Book of Stabbing","floor":25,"turns":5},{"damage":27,"enemies":"Gremlin Leader","floor":27,"turns":4},{"damage":0,"enemies":"Snake Plant","floor":29,"turns":1},{"damage":0,"enemies":"Snecko","floor":30,"turns":3},{"damage":22,"enemies":"Slavers","floor":31,"turns":3},{"damage":55,"enemies":"Collector","floor":33,"turns":8},{"damage":1,"enemies":"3 Darklings","floor":35,"turns":3},{"damage":82,"enemies":"Nemesis","floor":40,"turns":6}],"seed_played":"-5751935887991732981","potions_obtained":[{"floor":5,"key":"BloodPotion"},{"floor":7,"key":"SkillPotion"},{"floor":10,"key":"ElixirPotion"},{"floor":16,"key":"SpeedPotion"},{"floor":18,"key":"SkillPotion"},{"floor":19,"key":"Fire Potion"},{"floor":29,"key":"BlessingOfTheForge"},{"floor":33,"key":"PowerPotion"},{"floor":34,"key":"FearPotion"},{"floor":35,"key":"GamblersBrew"}],"is_trial":false,"path_per_floor":["M","$","?","?","M","E","M","R","T","E","R","M","E","M","R","B",null,"M","M","$","M","?","E","$","E","T","E","?","M","M","E","R","B",null,"M","?","?","?","?","E"],"character_chosen":"IRONCLAD","items_purchased":["Dead Branch"],"campfire_rested":0,"item_purchase_floors":[20],"current_hp_per_floor":[79,79,59,59,62,17,23,23,23,20,20,26,18,24,24,24,80,80,80,80,80,80,79,79,73,73,52,52,58,64,48,48,15,85,85,85,85,81,81,0],"gold":388,"neow_bonus":"ONE_RARE_RELIC","is_prod":false,"is_daily":false,"chose_seed":false,"campfire_upgraded":4,"win_rate":0,"timestamp":1639667014,"path_taken":["M","$","?","?","M","E","?","R","T","E","R","M","E","M","R","BOSS","M","M","?","M","?","E","$","E","T","E","?","M","M","E","R","BOSS","M","?","?","?","?","E"],"build_version":"2020-12-22","purchased_purges":1,"victory":false,"max_hp_per_floor":[80,80,80,80,80,80,80,80,80,80,80,80,80,80,80,80,80,80,80,80,80,80,80,80,80,80,80,80,80,80,80,80,80,85,85,85,85,81,81,81],"card_choices":[{"not_picked":["Cleave","Havoc","Rupture"],"picked":"SKIP","floor":1},{"not_picked":["Dropkick","Shrug It Off"],"picked":"Body Slam","floor":5},{"not_picked":["Thunderclap","Pummel"],"picked":"Impervious","floor":6},{"not_picked":["Pommel Strike","Armaments","Reckless Charge"],"picked":"SKIP","floor":7},{"not_picked":["Intimidate","Anger","Berserk"],"picked":"SKIP","floor":10},{"not_picked":["Havoc","Headbutt","True Grit"],"picked":"SKIP","floor":12},{"not_picked":["Fire Breathing","Intimidate","Clash"],"picked":"SKIP","floor":13},{"not_picked":["Anger","Carnage","Cleave"],"picked":"SKIP","floor":14},{"not_picked":["Cleave","Disarm","Pommel Strike"],"picked":"SKIP","floor":18},{"not_picked":["Searing Blow+1","Bloodletting","Evolve"],"picked":"SKIP","floor":19},{"not_picked":["Pommel Strike","Clash","Metallicize"],"picked":"SKIP","floor":21},{"not_picked":["Flex+1","Havoc","Perfected Strike"],"picked":"SKIP","floor":23},{"not_picked":["Perfected Strike","Impervious","Searing Blow+1"],"picked":"SKIP","floor":25},{"not_picked":["True Grit","Clothesline","Anger+1"],"picked":"SKIP","floor":27},{"not_picked":["Anger","Havoc","Cleave+1"],"picked":"SKIP","floor":29},{"not_picked":["Havoc","Bloodletting+1","Anger"],"picked":"SKIP","floor":30},{"not_picked":["Searing Blow","Limit Break","Pommel Strike+1"],"picked":"SKIP","floor":31},{"not_picked":["Intimidate+1","Sever Soul"],"picked":"Body Slam","floor":34},{"not_picked":["Blood for Blood","Wild Strike","Armaments"],"picked":"SKIP","floor":35}],"player_experience":1731023,"relics_obtained":[{"floor":6,"key":"Red Skull"},{"floor":9,"key":"Centennial Puzzle"},{"floor":10,"key":"Blue Candle"},{"floor":13,"key":"Oddly Smooth Stone"},{"floor":23,"key":"Whetstone"},{"floor":25,"key":"Anchor"},{"floor":26,"key":"Bag of Preparation"},{"floor":27,"key":"MealTicket"},{"floor":31,"key":"Potion Belt"}],"event_choices":[{"damage_healed":0,"gold_gain":0,"player_choice":"Take Damage","damage_taken":20,"relics_obtained":["Golden Idol"],"max_hp_gain":0,"max_hp_loss":0,"event_name":"Golden Idol","floor":3,"gold_loss":0},{"damage_healed":0,"gold_gain":0,"cards_transformed":["Strike_R"],"player_choice":"Transformed","damage_taken":0,"max_hp_gain":0,"max_hp_loss":0,"event_name":"Transmorgrifier","floor":4,"gold_loss":0,"cards_obtained":["Whirlwind"]},{"damage_healed":0,"gold_gain":0,"player_choice":"Ignored","damage_taken":0,"max_hp_gain":0,"max_hp_loss":0,"event_name":"Vampires","floor":22,"gold_loss":0},{"damage_healed":0,"gold_gain":0,"player_choice":"Ignored","damage_taken":0,"max_hp_gain":0,"max_hp_loss":0,"event_name":"Ghosts","floor":28,"gold_loss":0},{"cards_removed":["Defend_R"],"damage_healed":0,"gold_gain":0,"player_choice":"Removed Skill","damage_taken":0,"max_hp_gain":0,"max_hp_loss":0,"event_name":"Falling","floor":36,"gold_loss":0},{"damage_healed":0,"gold_gain":0,"player_choice":"Memory 1","damage_taken":0,"max_hp_gain":0,"max_hp_loss":0,"event_name":"SensoryStone","floor":37,"gold_loss":0},{"damage_healed":0,"gold_gain":0,"player_choice":"Max HP","damage_taken":0,"max_hp_gain":0,"max_hp_loss":4,"event_name":"Winding Halls","floor":38,"gold_loss":0},{"damage_healed":0,"gold_gain":0,"cards_transformed":["Strike_R","Defend_R"],"player_choice":"Transformed Cards","damage_taken":0,"max_hp_gain":0,"max_hp_loss":0,"event_name":"Designer","floor":39,"gold_loss":60,"cards_obtained":["Blood for Blood","Armaments"]}],"is_beta":false,"boss_relics":[{"not_picked":["Cursed Key","Mark of Pain"],"picked":"Coffee Dripper"},{"not_picked":["Runic Dome","Fusion Hammer"],"picked":"Tiny House"}],"items_purged_floors":[20],"is_endless":false,"potions_floor_spawned":[5,7,10,16,18,19,29,33,35],"killed_by":"Nemesis","ascension_level":1}