{"gold_per_floor":[112,129,129,140,215,215,250,6,59,73,73,73,73,101,101,174,174,187,187,187,187,206,238,238,238],"floor_reached":25,"playtime":586,"items_purged":["Strike_R"],"score":454,"play_id":"54a86063-0316-4296-b5e8-5645e344853b","local_time":"20220214154238","is_ascension_mode":true,"campfire_choices":[{"data":"Whirlwind","floor":6,"key":"SMITH"},{"data":"Inflame","floor":13,"key":"SMITH"},{"floor":15,"key":"REST"},{"floor":24,"key":"REST"}],"neow_cost":"NONE","seed_source_timestamp":75338246347000,"circlet_count":0,"master_deck":["AscendersBane","Strike_R","Strike_R","Strike_R","Strike_R","Defend_R","Defend_R","Defend_R","Defend_R","Bash","Dropkick","Whirlwind+1","Clash","Inflame+1","Parasite","Thunderclap","Limit Break","Heavy Blade","Writhe","J.A.X.","Shrug It Off","Limit Break"],"relics":["Burning Blood","NeowsBlessing","Nunchaku","HandDrill","Blood Vial","Boot","Velvet Choker","Question Card","Vajra"],"potions_floor_usage":[7,16,16,23],"damage_taken":[{"damage":0,"enemies":"Cultist","floor":1,"turns":1},{"damage":0,"enemies":"Small Slimes","floor":2,"turns":2},{"damage":0,"enemies":"2 Louse","floor":4,"turns":1},{"damage":42,"enemies":"Gremlin Nob","floor":7,"turns":5},{"damage":1,"enemies":"2 Fungi Beasts","floor":10,"turns":3},{"damage":35,"enemies":"3 Sentries","floor":14,"turns":5},{"damage":46,"enemies":"The Guardian","floor":16,"turns":8},{"damage":22,"enemies":"Shell Parasite","floor":18,"turns":3},{"damage":36,"enemies":"Chosen","floor":22,"turns":4},{"damage":16,"enemies":"Gremlin Leader","floor":23,"turns":8},{"damage":42,"enemies":"Slavers","floor":25,"turns":2}],"seed_played":"7235656177187622586","potions_obtained":[{"floor":2,"key":"Weak Potion"},{"floor":3,"key":"SkillPotion"},{"floor":14,"key":"SneckoOil"},{"floor":16,"key":"Energy Potion"},{"floor":18,"key":"Fire Potion"}],"is_trial":false,"path_per_floor":["M","M","?","M","?","R","E","$","T","M","$","?","R","E","R","B",null,"M","?","?","?","M","E","R","E"],"character_chosen":"IRONCLAD","items_purchased":["HandDrill"],"campfire_rested":2,"item_purchase_floors":[8],"current_hp_per_floor":[74,75,75,75,64,64,28,28,28,35,35,53,53,26,48,10,59,45,45,45,45,17,9,31,0],"gold":238,"neow_bonus":"THREE_ENEMY_KILL","is_prod":false,"is_daily":false,"chose_seed":false,"campfire_upgraded":2,"win_rate":0,"timestamp":1644849758,"path_taken":["M","M","?","?","?","R","E","$","T","M","$","?","R","E","R","BOSS","M","?","?","?","M","E","R","E"],"build_version":"2020-12-22","purchased_purges":1,"victory":false,"max_hp_per_floor":[75,75,75,75,75,75,75,75,75,75,75,75,75,75,75,75,75,75,75,75,75,75,75,75,75],"card_choices":[{"not_picked":["Armaments","Shrug It Off"],"picked":"Dropkick","floor":1},{"not_picked":["Heavy Blade","Body Slam"],"picked":"Whirlwind","floor":2},{"not_picked":["Reckless Charge","Headbutt","Wild Strike"],"picked":"SKIP","floor":4},{"not_picked":["Flame Barrier","Entrench"],"picked":"Clash","floor":7},{"not_picked":["Clothesline","Cleave"],"picked":"Inflame","floor":10},{"not_picked":["Perfected Strike","Corruption"],"picked":"Thunderclap","floor":14},{"not_picked":["Immolate","Bludgeon"],"picked":"Limit Break","floor":16},{"not_picked":["Thunderclap","Body Slam"],"picked":"Heavy Blade","floor":18},{"not_picked":["True Grit","Body Slam","Berserk","Perfected Strike"],"picked":"SKIP","floor":22},{"not_picked":["Clothesline","Clash","Sword Boomerang+1"],"picked":"Limit Break","floor":23}],"player_experience":1778030,"relics_obtained":[{"floor":7,"key":"Nunchaku"},{"floor":9,"key":"Blood Vial"},{"floor":14,"key":"Boot"},{"floor":23,"key":"Vajra"}],"event_choices":[{"damage_healed":0,"gold_gain":0,"player_choice":"Got Potions","damage_taken":0,"max_hp_gain":0,"max_hp_loss":0,"event_name":"Lab","floor":3,"gold_loss":0},{"damage_healed":0,"gold_gain":75,"player_choice":"Gather Gold","damage_taken":11,"max_hp_gain":0,"max_hp_loss":0,"event_name":"World of Goop","floor":5,"gold_loss":0},{"damage_healed":18,"gold_gain":0,"player_choice":"Healed and dodged fight","damage_taken":0,"max_hp_gain":0,"max_hp_loss":0,"event_name":"Mushrooms","floor":12,"gold_loss":0,"cards_obtained":["Parasite"]},{"damage_healed":0,"gold_gain":0,"player_choice":"Opened","damage_taken":0,"relics_obtained":["Question Card"],"max_hp_gain":0,"max_hp_loss":0,"event_name":"The Mausoleum","floor":19,"gold_loss":0,"cards_obtained":["Writhe"]},{"damage_healed":0,"gold_gain":0,"player_choice":"Obtain J.A.X.","damage_taken":0,"max_hp_gain":0,"max_hp_loss":0,"event_name":"Drug Dealer","floor":20,"gold_loss":0,"cards_obtained":["J.A.X."]},{"damage_healed":0,"gold_gain":0,"player_choice":"Read","damage_taken":0,"max_hp_gain":0,"max_hp_loss":0,"event_name":"The Library","floor":21,"gold_loss":0,"cards_obtained":["Shrug It Off"]}],"is_beta":false,"boss_relics":[{"not_picked":["Ectoplasm","Fusion Hammer"],"picked":"Velvet Choker"}],"items_purged_floors":[8],"is_endless":false,"potions_floor_spawned":[2,14,16,18,22],"killed_by":"Slavers","ascension_level":20}