{"gold_per_floor":[117,134,152,77,227,227,77,102,125,125,137,137,137],"floor_reached":13,"playtime":480,"items_purged":["Doubt"],"score":166,"play_id":"a6ea4135-5d68-4813-973d-18598910ae50","local_time":"20220213192957","is_ascension_mode":true,"campfire_choices":[{"data":"Rupture","floor":6,"key":"SMITH"},{"floor":10,"key":"REST"},{"data":"Searing Blow","floor":12,"key":"SMITH"}],"neow_cost":"NONE","seed_source_timestamp":2683385923900,"circlet_count":0,"master_deck":["AscendersBane","Strike_R","Strike_R","Strike_R","Strike_R","Defend_R","Defend_R","Defend_R","Defend_R","Bash","Rupture+1","Thunderclap","Searing Blow+1","Sword Boomerang"],"relics":["Burning Blood","Lantern","Toy Ornithopter","Dream Catcher"],"potions_floor_usage":[],"damage_taken":[{"damage":2,"enemies":"Cultist","floor":1,"turns":4},{"damage":7,"enemies":"Small Slimes","floor":2,"turns":4},{"damage":11,"enemies":"Jaw Worm","floor":3,"turns":4},{"damage":60,"enemies":"3 Sentries","floor":8,"turns":12},{"damage":8,"enemies":"3 Louse","floor":11,"turns":4},{"damage":50,"enemies":"Lagavulin","floor":13,"turns":6}],"seed_played":"-8030842113003281208","potions_obtained":[{"floor":11,"key":"GamblersBrew"}],"is_trial":false,"path_per_floor":["M","M","M","?","?","R","$","E","T","R","M","R","E"],"character_chosen":"IRONCLAD","items_purchased":["Searing Blow"],"campfire_rested":1,"item_purchase_floors":[7],"current_hp_per_floor":[72,71,66,66,66,66,66,12,12,34,32,32,0],"gold":137,"neow_bonus":"RANDOM_COMMON_RELIC","is_prod":false,"is_daily":false,"chose_seed":false,"campfire_upgraded":2,"win_rate":0,"timestamp":1644776997,"path_taken":["M","M","?","?","?","R","$","E","T","R","M","R","E"],"build_version":"2020-12-22","purchased_purges":1,"victory":false,"max_hp_per_floor":[75,75,75,75,75,75,75,75,75,75,75,75,75],"card_choices":[{"not_picked":["Wild Strike","Sword Boomerang"],"picked":"Rupture","floor":1},{"not_picked":["Ghostly Armor","Headbutt"],"picked":"Thunderclap","floor":2},{"not_picked":["Flex","Reckless Charge","Havoc"],"picked":"SKIP","floor":3},{"not_picked":["Berserk","Anger"],"picked":"Sword Boomerang","floor":8},{"not_picked":["Clothesline","Body Slam","Headbutt"],"picked":"SKIP","floor":11}],"player_experience":1776637,"relics_obtained":[{"floor":8,"key":"Toy Ornithopter"},{"floor":9,"key":"Dream Catcher"}],"event_choices":[{"cards_removed":["Strike_R"],"damage_healed":0,"gold_gain":0,"player_choice":"Card Removal","damage_taken":0,"max_hp_gain":0,"max_hp_loss":0,"event_name":"The Cleric","floor":4,"gold_loss":75},{"damage_healed":0,"gold_gain":150,"player_choice":"AGREE","damage_taken":0,"max_hp_gain":0,"max_hp_loss":0,"event_name":"Liars Game","floor":5,"gold_loss":0,"cards_obtained":["Doubt"]}],"is_beta":false,"boss_relics":[],"items_purged_floors":[7],"is_endless":false,"potions_floor_spawned":[11],"killed_by":"Lagavulin","ascension_level":20}