{"gold_per_floor":[112,37,37,53,53,85,85,100,100,117,17,50,50,80,80,154,154,166,166,8,18,29,63,79,129,156,156,174,174,205,232,232,309,309,329,329,329,344,344],"floor_reached":39,"playtime":1195,"items_purged":["Strike_R","Strike_R"],"score":924,"play_id":"0db91da0-a96b-4e10-85ea-583b35ec566c","local_time":"20220219175346","is_ascension_mode":true,"campfire_choices":[{"data":"Hemokinesis","floor":7,"key":"SMITH"},{"data":"Demon Form","floor":15,"key":"SMITH"},{"floor":27,"key":"REST"},{"floor":32,"key":"REST"}],"neow_cost":"NONE","seed_source_timestamp":156160220324100,"circlet_count":0,"master_deck":["AscendersBane","Strike_R+1","Strike_R+1","Defend_R","Defend_R","Defend_R","Defend_R","Bash","Hemokinesis+1","Fire Breathing","Hemokinesis","Shrug It Off","Demon Form+1","Offering","Bloodletting","Bloodletting+1","Offering","Second Wind"],"relics":["Black Blood","NeowsBlessing","Centennial Puzzle","Self Forming Clay","Meat on the Bone","Bottled Tornado","Runic Cube","MutagenicStrength","Whetstone","Lizard Tail","Smiling Mask","Red Mask","Question Card"],"potions_floor_usage":[21,21,21,23,23,33,39],"damage_taken":[{"damage":0,"enemies":"Small Slimes","floor":1,"turns":1},{"damage":0,"enemies":"2 Louse","floor":4,"turns":2},{"damage":2,"enemies":"Lagavulin","floor":6,"turns":1},{"damage":11,"enemies":"Jaw Worm","floor":8,"turns":2},{"damage":9,"enemies":"2 Fungi Beasts","floor":10,"turns":4},{"damage":11,"enemies":"Gremlin Nob","floor":12,"turns":3},{"damage":9,"enemies":"3 Sentries","floor":14,"turns":4},{"damage":47,"enemies":"Hexaghost","floor":16,"turns":8},{"damage":25,"enemies":"Spheric Guardian","floor":18,"turns":4},{"damage":27,"enemies":"2 Thieves","floor":21,"turns":5},{"damage":22,"enemies":"Centurion and Healer","floor":22,"turns":4},{"damage":35,"enemies":"Slavers","floor":23,"turns":4},{"damage":24,"enemies":"Sentry and Sphere","floor":24,"turns":5},{"damage":19,"enemies":"3 Cultists","floor":28,"turns":5},{"damage":15,"enemies":"Masked Bandits","floor":30,"turns":3},{"damage":38,"enemies":"Gremlin Leader","floor":31,"turns":4},{"damage":39,"enemies":"Champ","floor":33,"turns":6},{"damage":16,"enemies":"Orb Walker","floor":35,"turns":1},{"damage":63,"enemies":"3 Shapes","floor":38,"turns":7},{"damage":67,"enemies":"Jaw Worm Horde","floor":39,"turns":5}],"seed_played":"6643330276132010527","potions_obtained":[{"floor":1,"key":"CultistPotion"},{"floor":4,"key":"EntropicBrew"},{"floor":21,"key":"Explosive Potion"},{"floor":31,"key":"DuplicationPotion"},{"floor":38,"key":"EssenceOfSteel"}],"is_trial":false,"path_per_floor":["M","$","?","M","?","E","R","M","T","M","$","E","$","E","R","B",null,"M","?","$","M","M","E","M","?","T","R","M","?","?","E","R","B",null,"M","?","?","M","M"],"character_chosen":"IRONCLAD","items_purchased":["Whetstone"],"campfire_rested":2,"item_purchase_floors":[20],"current_hp_per_floor":[74,74,74,75,80,80,80,75,75,72,72,67,67,64,64,35,69,50,50,50,41,37,36,30,30,30,54,53,53,56,36,60,39,70,66,66,66,27,6],"gold":344,"neow_bonus":"THREE_ENEMY_KILL","is_prod":false,"is_daily":false,"chose_seed":false,"campfire_upgraded":2,"win_rate":0,"timestamp":1645289626,"path_taken":["M","$","?","M","?","E","R","M","T","M","?","E","$","E","R","BOSS","M","?","$","M","M","E","M","?","T","R","M","?","?","E","R","BOSS","M","?","?","?","M"],"build_version":"2020-12-22","purchased_purges":2,"victory":false,"max_hp_per_floor":[75,75,75,75,80,80,80,80,80,80,80,80,80,80,80,80,80,80,80,80,80,80,80,80,80,80,80,80,80,80,80,80,80,80,80,80,80,80,80],"card_choices":[{"not_picked":["Wild Strike","Anger"],"picked":"Hemokinesis","floor":1},{"not_picked":["Intimidate","Reckless Charge"],"picked":"Hemokinesis","floor":4},{"not_picked":["Exhume","Perfected Strike","Body Slam"],"picked":"SKIP","floor":6},{"not_picked":["Cleave","Rage"],"picked":"Shrug It Off","floor":8},{"not_picked":["Iron Wave","True Grit","Combust"],"picked":"SKIP","floor":10},{"not_picked":["True Grit","Pommel Strike"],"picked":"Demon Form","floor":12},{"not_picked":["Burning Pact","Body Slam","Feel No Pain"],"picked":"SKIP","floor":14},{"not_picked":["Twin Strike","Clash","Whirlwind+1"],"picked":"SKIP","floor":18},{"not_picked":["Headbutt","Body Slam+1","Heavy Blade"],"picked":"SKIP","floor":21},{"not_picked":["Battle Trance","Rampage","Flame Barrier"],"picked":"SKIP","floor":22},{"not_picked":["Searing Blow","Wild Strike+1"],"picked":"Offering","floor":23},{"not_picked":["Clothesline","Perfected Strike+1","Rage"],"picked":"SKIP","floor":24},{"not_picked":["Iron Wave+1","Sever Soul","Sentinel"],"picked":"SKIP","floor":28},{"not_picked":["Infernal Blade","Seeing Red+1"],"picked":"Bloodletting+1","floor":30},{"not_picked":["Havoc","Inflame","Battle Trance"],"picked":"SKIP","floor":31},{"not_picked":["Immolate","Berserk","Exhume"],"picked":"Offering","floor":33},{"not_picked":["Burning Pact","Havoc+1","Wild Strike","Cleave"],"picked":"SKIP","floor":35},{"not_picked":["Body Slam","Thunderclap","Perfected Strike","Fiend Fire"],"picked":"SKIP","floor":38}],"player_experience":1784908,"relics_obtained":[{"floor":6,"key":"Centennial Puzzle"},{"floor":9,"key":"Self Forming Clay"},{"floor":12,"key":"Meat on the Bone"},{"floor":14,"key":"Bottled Tornado"},{"floor":23,"key":"Lizard Tail"},{"floor":26,"key":"Smiling Mask"},{"floor":30,"key":"Red Mask"},{"floor":31,"key":"Question Card"}],"event_choices":[{"damage_healed":0,"gold_gain":0,"cards_transformed":["Strike_R"],"player_choice":"Change","damage_taken":0,"max_hp_gain":0,"max_hp_loss":0,"event_name":"Living Wall","floor":3,"gold_loss":0,"cards_obtained":["Fire Breathing"]},{"damage_healed":0,"gold_gain":0,"player_choice":"Donut","damage_taken":0,"max_hp_gain":5,"max_hp_loss":0,"event_name":"Big Fish","floor":5,"gold_loss":0},{"damage_healed":0,"gold_gain":0,"player_choice":"Inject Mutagens","damage_taken":0,"relics_obtained":["MutagenicStrength"],"max_hp_gain":0,"max_hp_loss":0,"event_name":"Drug Dealer","floor":19,"gold_loss":0},{"damage_healed":0,"gold_gain":50,"player_choice":"Stole From Cult","damage_taken":0,"max_hp_gain":0,"max_hp_loss":0,"event_name":"Nest","floor":25,"gold_loss":0},{"damage_healed":0,"gold_gain":0,"player_choice":"Read","damage_taken":0,"max_hp_gain":0,"max_hp_loss":0,"event_name":"The Library","floor":29,"gold_loss":0,"cards_obtained":["Bloodletting"]},{"damage_healed":0,"gold_gain":0,"player_choice":"Fought Bandits","damage_taken":0,"max_hp_gain":0,"max_hp_loss":0,"event_name":"Masked Bandits","floor":30,"gold_loss":0},{"damage_healed":0,"gold_gain":0,"player_choice":"Ignored","damage_taken":0,"max_hp_gain":0,"max_hp_loss":0,"event_name":"Tomb of Lord Red Mask","floor":36,"gold_loss":0},{"damage_healed":0,"gold_gain":0,"player_choice":"1 cards matched","damage_taken":0,"max_hp_gain":0,"max_hp_loss":0,"event_name":"Match and Keep!","floor":37,"gold_loss":0,"cards_obtained":["Second Wind"]}],"is_beta":false,"boss_relics":[{"not_picked":["Pandora\u0027s Box","Velvet Choker"],"picked":"Runic Cube"},{"not_picked":["Busted Crown","Sozu"],"picked":"Black Blood"}],"items_purged_floors":[2,11],"is_endless":false,"potions_floor_spawned":[1,4,6,12,21,22,31,38],"killed_by":"Jaw Worm Horde","ascension_level":20}