{"gold_per_floor":[15,15,15,40,65,101,101,131,131,281,301,301,301,66,66,156,156,169,184,96,96,116,116,135,135,135,135],"floor_reached":27,"playtime":767,"items_purged":["Strike_R"],"score":418,"play_id":"586db352-f298-46bc-bea6-85e5a4ce0536","local_time":"20220227163628","is_ascension_mode":true,"campfire_choices":[{"data":"Juggernaut","floor":7,"key":"SMITH"},{"data":"Body Slam","floor":12,"key":"SMITH"},{"floor":15,"key":"REST"},{"floor":23,"key":"REST"},{"floor":25,"key":"REST"}],"neow_cost":"NO_GOLD","seed_source_timestamp":187282700112100,"circlet_count":0,"master_deck":["AscendersBane","Strike_R","Strike_R","Strike_R","Strike_R","Defend_R","Defend_R","Defend_R","Defend_R","Bash","Juggernaut+1","Flame Barrier","Shrug It Off","Body Slam+1","Juggernaut","Iron Wave","Entrench","Body Slam+1"],"relics":["Burning Blood","Golden Idol","Blood Vial","Magic Flower","Odd Mushroom","White Beast Statue","Art of War","Black Star"],"potions_floor_usage":[6,16,22,24,24,27],"damage_taken":[{"damage":14,"enemies":"Jaw Worm","floor":1,"turns":4},{"damage":0,"enemies":"2 Louse","floor":5,"turns":2},{"damage":38,"enemies":"3 Sentries","floor":6,"turns":11},{"damage":32,"enemies":"The Mushroom Lair","floor":8,"turns":6},{"damage":0,"enemies":"Small Slimes","floor":11,"turns":3},{"damage":51,"enemies":"Slime Boss","floor":16,"turns":13},{"damage":13,"enemies":"Spheric Guardian","floor":18,"turns":4},{"damage":36,"enemies":"Shell Parasite","floor":19,"turns":6},{"damage":33,"enemies":"Snake Plant","floor":22,"turns":5},{"damage":36,"enemies":"Shelled Parasite and Fungi","floor":24,"turns":6},{"damage":38,"enemies":"Slavers","floor":27,"turns":3}],"seed_played":"-4591609740776833454","potions_obtained":[{"floor":1,"key":"Block Potion"},{"floor":11,"key":"LiquidMemories"},{"floor":16,"key":"Fire Potion"},{"floor":18,"key":"SpeedPotion"},{"floor":22,"key":"Ancient Potion"},{"floor":24,"key":"FearPotion"}],"is_trial":false,"path_per_floor":["M","?","?","T","M","E","R","?","T","?","M","R","?","$","R","B",null,"M","M","$","?","M","R","M","R","T","E"],"character_chosen":"IRONCLAD","items_purchased":["Art of War","Entrench"],"campfire_rested":3,"item_purchase_floors":[14,20],"current_hp_per_floor":[60,60,60,60,68,38,38,18,18,18,30,30,30,30,52,13,60,59,35,35,35,14,36,12,34,34,0],"gold":135,"neow_bonus":"THREE_RARE_CARDS","is_prod":false,"is_daily":false,"chose_seed":false,"campfire_upgraded":2,"win_rate":0,"timestamp":1645976188,"path_taken":["M","?","?","?","M","E","R","?","T","?","?","R","?","?","R","BOSS","M","M","$","?","M","R","M","R","T","E"],"build_version":"2020-12-22","purchased_purges":1,"victory":false,"max_hp_per_floor":[75,75,75,75,75,75,75,75,75,75,75,75,75,75,75,75,75,75,75,75,75,75,75,75,75,75,75],"card_choices":[{"not_picked":["Impervious","Fiend Fire"],"picked":"Juggernaut","floor":0},{"not_picked":["Rupture","Havoc"],"picked":"Flame Barrier","floor":1},{"not_picked":["Iron Wave","Anger"],"picked":"Shrug It Off","floor":5},{"not_picked":["Armaments","Clash"],"picked":"Body Slam","floor":6},{"not_picked":["Flex","Uppercut","Wild Strike"],"picked":"SKIP","floor":11},{"not_picked":["Flex","Uppercut","Wild Strike"],"picked":"SKIP","floor":11},{"not_picked":["Offering","Reaper"],"picked":"Juggernaut","floor":16},{"not_picked":["Feel No Pain","Heavy Blade"],"picked":"Iron Wave","floor":18},{"not_picked":["Perfected Strike","True Grit","Rampage"],"picked":"SKIP","floor":19},{"not_picked":["Infernal Blade","Warcry+1"],"picked":"Body Slam+1","floor":22},{"not_picked":["Twin Strike","Heavy Blade","True Grit"],"picked":"SKIP","floor":24}],"player_experience":1791323,"relics_obtained":[{"floor":4,"key":"Blood Vial"},{"floor":6,"key":"Magic Flower"},{"floor":8,"key":"Odd Mushroom"},{"floor":9,"key":"White Beast Statue"}],"event_choices":[{"damage_healed":0,"gold_gain":0,"player_choice":"Take Wound","damage_taken":0,"relics_obtained":["Golden Idol"],"max_hp_gain":0,"max_hp_loss":0,"event_name":"Golden Idol","floor":2,"gold_loss":0,"cards_obtained":["Injury"]},{"cards_removed":["Injury"],"damage_healed":0,"gold_gain":0,"player_choice":"Forget","damage_taken":0,"max_hp_gain":0,"max_hp_loss":0,"event_name":"Living Wall","floor":3,"gold_loss":0},{"damage_healed":0,"gold_gain":0,"player_choice":"Fought Mushrooms","damage_taken":0,"max_hp_gain":0,"max_hp_loss":0,"event_name":"Mushrooms","floor":8,"gold_loss":0},{"damage_healed":0,"gold_gain":150,"player_choice":"AGREE","damage_taken":0,"max_hp_gain":0,"max_hp_loss":0,"event_name":"Liars Game","floor":10,"gold_loss":0,"cards_obtained":["Doubt"]},{"cards_removed":["Doubt"],"damage_healed":0,"gold_gain":0,"player_choice":"Removed Curses","damage_taken":0,"max_hp_gain":0,"max_hp_loss":0,"event_name":"Fountain of Cleansing","floor":13,"gold_loss":0},{"damage_healed":0,"gold_gain":0,"player_choice":"Got Potions","damage_taken":0,"max_hp_gain":0,"max_hp_loss":0,"event_name":"Lab","floor":21,"gold_loss":0}],"is_beta":false,"boss_relics":[{"not_picked":["Cursed Key","Sozu"],"picked":"Black Star"}],"items_purged_floors":[14],"is_endless":false,"potions_floor_spawned":[1,11,16,18,19,22,24],"killed_by":"Slavers","ascension_level":20}