{"gold_per_floor":[111,127,127,127,52,52,85,110,110,149,149,149,188,203,203,296,296,274,274,274],"floor_reached":20,"playtime":437,"items_purged":["Strike_R"],"score":430,"play_id":"e977eac3-b6e1-4a82-86ff-302fdf6eb9d1","local_time":"20220219172604","is_ascension_mode":true,"campfire_choices":[{"data":"Juggernaut","floor":6,"key":"SMITH"},{"floor":15,"key":"REST"}],"neow_cost":"NONE","seed_source_timestamp":155257246592100,"circlet_count":0,"master_deck":["AscendersBane","Strike_R","Strike_R","Strike_R","Defend_R","Defend_R","Defend_R","Defend_R","Bash","Metallicize","Dropkick","Juggernaut+1","Metallicize","Dropkick","Juggernaut","Feed","Dropkick+1"],"relics":["Burning Blood","NeowsBlessing","Golden Idol","Ornamental Fan","Smiling Mask","Mercury Hourglass","The Courier","SacredBark","Enchiridion"],"potions_floor_usage":[10,20,20],"damage_taken":[{"damage":0,"enemies":"Jaw Worm","floor":1,"turns":1},{"damage":0,"enemies":"Small Slimes","floor":2,"turns":1},{"damage":0,"enemies":"3 Sentries","floor":7,"turns":2},{"damage":0,"enemies":"Cultist","floor":8,"turns":4},{"damage":29,"enemies":"Gremlin Nob","floor":10,"turns":4},{"damage":13,"enemies":"Lagavulin","floor":13,"turns":6},{"damage":8,"enemies":"Exordium Thugs","floor":14,"turns":4},{"damage":32,"enemies":"The Guardian","floor":16,"turns":9},{"damage":33,"enemies":"2 Thieves","floor":18,"turns":4},{"damage":12,"enemies":"Masked Bandits","floor":20,"turns":2}],"seed_played":"4174292156279463432","potions_obtained":[{"floor":2,"key":"PowerPotion"},{"floor":7,"key":"SteroidPotion"},{"floor":10,"key":"DuplicationPotion"}],"is_trial":false,"path_per_floor":["M","M","?","?","$","R","E","M","T","E","T","?","E","M","R","B",null,"M","?","?"],"character_chosen":"IRONCLAD","items_purchased":[],"campfire_rested":1,"item_purchase_floors":[],"current_hp_per_floor":[74,75,68,68,68,68,68,68,68,45,45,45,38,36,56,30,59,32,11,0],"gold":274,"neow_bonus":"THREE_ENEMY_KILL","is_prod":false,"is_daily":false,"chose_seed":false,"campfire_upgraded":1,"win_rate":0,"timestamp":1645287964,"path_taken":["M","M","?","?","$","R","E","?","T","E","?","?","E","?","R","BOSS","M","?","?"],"build_version":"2020-12-22","purchased_purges":1,"victory":false,"max_hp_per_floor":[75,75,68,68,68,68,68,68,68,68,68,68,68,68,68,68,68,68,68,68],"card_choices":[{"not_picked":["Wild Strike","Anger"],"picked":"Metallicize","floor":1},{"not_picked":["Body Slam","Flex"],"picked":"Dropkick","floor":2},{"not_picked":["Anger","Intimidate"],"picked":"Metallicize","floor":7},{"not_picked":["Twin Strike","Pommel Strike","Heavy Blade"],"picked":"SKIP","floor":8},{"not_picked":["Fire Breathing","Cleave"],"picked":"Dropkick","floor":10},{"not_picked":["Warcry","Armaments"],"picked":"Juggernaut","floor":13},{"not_picked":["True Grit","Spot Weakness","Clash"],"picked":"SKIP","floor":14},{"not_picked":["Double Tap","Bludgeon"],"picked":"Feed","floor":16},{"not_picked":["Sword Boomerang","Pommel Strike"],"picked":"Dropkick+1","floor":18}],"player_experience":1784029,"relics_obtained":[{"floor":7,"key":"Ornamental Fan"},{"floor":10,"key":"Smiling Mask"},{"floor":11,"key":"Mercury Hourglass"},{"floor":13,"key":"The Courier"},{"floor":19,"key":"Enchiridion"}],"event_choices":[{"damage_healed":0,"gold_gain":0,"player_choice":"Lose Max HP","damage_taken":0,"relics_obtained":["Golden Idol"],"max_hp_gain":0,"max_hp_loss":7,"event_name":"Golden Idol","floor":3,"gold_loss":0},{"damage_healed":0,"gold_gain":0,"player_choice":"1 cards matched","damage_taken":0,"max_hp_gain":0,"max_hp_loss":0,"event_name":"Match and Keep!","floor":4,"gold_loss":0,"cards_obtained":["Juggernaut"]},{"cards_removed":["Strike_R"],"damage_healed":0,"gold_gain":0,"player_choice":"Offered Basic","damage_taken":0,"max_hp_gain":0,"max_hp_loss":0,"event_name":"Bonfire Elementals","floor":12,"gold_loss":0},{"damage_healed":0,"gold_gain":0,"player_choice":"Obtained Book","damage_taken":21,"max_hp_gain":0,"max_hp_loss":0,"event_name":"Cursed Tome","floor":19,"gold_loss":0},{"damage_healed":0,"gold_gain":0,"player_choice":"Fought Bandits","damage_taken":0,"max_hp_gain":0,"max_hp_loss":0,"event_name":"Masked Bandits","floor":20,"gold_loss":0}],"is_beta":false,"boss_relics":[{"not_picked":["Velvet Choker","Fusion Hammer"],"picked":"SacredBark"}],"items_purged_floors":[5],"is_endless":false,"potions_floor_spawned":[2,7,10,13,14],"killed_by":"Masked Bandits","ascension_level":20}