{"gold_per_floor":[119,119,119,139,139,175,175,218,218,262,30,48,48,82,82,173,173,188,188,113,113,145,157,204,216,253,265],"floor_reached":27,"playtime":657,"items_purged":["Injury"],"score":610,"play_id":"4cabdb48-7098-4a76-9fda-56e576c5a899","local_time":"20220307235619","is_ascension_mode":true,"campfire_choices":[{"floor":7,"key":"REST"},{"floor":13,"key":"REST"},{"data":"Strike_R","floor":15,"key":"PURGE"},{"floor":23,"key":"REST"},{"floor":25,"key":"REST"}],"neow_cost":"NONE","seed_source_timestamp":5121423612900,"circlet_count":0,"master_deck":["AscendersBane","Strike_R","Strike_R","Strike_R","Strike_R","Defend_R","Defend_R","Defend_R","Defend_R","Bash","Spot Weakness","Flame Barrier","Ghostly Armor","Metallicize","Juggernaut","Shrug It Off"],"relics":["Fusion Hammer","Golden Idol","CultistMask","Blue Candle","Paper Frog","Potion Belt","Peace Pipe","Tiny Chest","Bag of Preparation","SacredBark","Happy Flower","MawBank","Bronze Scales","Smiling Mask"],"potions_floor_usage":[14,16,24,24,27],"damage_taken":[{"damage":7,"enemies":"Jaw Worm","floor":1,"turns":3},{"damage":9,"enemies":"2 Louse","floor":4,"turns":2},{"damage":37,"enemies":"Gremlin Nob","floor":6,"turns":4},{"damage":15,"enemies":"Lagavulin","floor":8,"turns":10},{"damage":19,"enemies":"3 Sentries","floor":10,"turns":7},{"damage":0,"enemies":"Cultist","floor":12,"turns":3},{"damage":2,"enemies":"Lagavulin","floor":14,"turns":6},{"damage":0,"enemies":"Hexaghost","floor":16,"turns":7},{"damage":0,"enemies":"3 Byrds","floor":18,"turns":4},{"damage":17,"enemies":"Shell Parasite","floor":22,"turns":5},{"damage":54,"enemies":"Slavers","floor":24,"turns":5},{"damage":44,"enemies":"Gremlin Leader","floor":27,"turns":3}],"seed_played":"1572064045923736825","potions_obtained":[{"floor":1,"key":"SpeedPotion"},{"floor":10,"key":"Explosive Potion"},{"floor":12,"key":"SkillPotion"},{"floor":16,"key":"DuplicationPotion"},{"floor":18,"key":"SteroidPotion"},{"floor":24,"key":"LiquidMemories"}],"is_trial":false,"path_per_floor":["M","?","?","M","?","E","R","E","T","E","$","M","R","E","R","B",null,"M","?","?","T","M","R","E","R","T","E"],"character_chosen":"IRONCLAD","items_purchased":["Tiny Chest"],"campfire_rested":4,"item_purchase_floors":[11],"current_hp_per_floor":[61,61,61,52,52,15,37,22,22,3,3,3,25,23,23,23,62,62,62,62,62,45,67,13,35,35,0],"gold":265,"neow_bonus":"BOSS_RELIC","is_prod":false,"is_daily":false,"chose_seed":false,"campfire_upgraded":0,"win_rate":0,"timestamp":1646693779,"path_taken":["M","?","?","?","?","E","R","E","T","E","$","?","R","E","R","BOSS","M","?","?","?","M","R","E","R","T","E"],"build_version":"2022-02-27","purchased_purges":1,"victory":false,"max_hp_per_floor":[75,75,75,75,75,75,75,75,75,75,75,75,75,75,75,75,75,75,75,75,75,75,75,75,75,75,75],"card_choices":[{"not_picked":["Anger","Thunderclap"],"picked":"Spot Weakness","floor":1},{"not_picked":["Reckless Charge","Iron Wave"],"picked":"Flame Barrier","floor":4},{"not_picked":["Burning Pact","Ghostly Armor"],"picked":"Metallicize","floor":6},{"not_picked":["Combust","Twin Strike"],"picked":"Juggernaut","floor":8},{"not_picked":["Pommel Strike","Carnage","Rampage"],"picked":"SKIP","floor":10},{"not_picked":["Feel No Pain","Havoc","True Grit"],"picked":"SKIP","floor":12},{"not_picked":["Headbutt","True Grit","Iron Wave"],"picked":"SKIP","floor":14},{"not_picked":["Cleave","Metallicize","True Grit"],"picked":"SKIP","floor":18},{"not_picked":["Perfected Strike","Wild Strike+1","Dropkick"],"picked":"SKIP","floor":22},{"not_picked":["Hemokinesis","Battle Trance"],"picked":"Shrug It Off","floor":24}],"player_experience":1809307,"relics_obtained":[{"floor":6,"key":"Blue Candle"},{"floor":8,"key":"Paper Frog"},{"floor":9,"key":"Potion Belt"},{"floor":10,"key":"Peace Pipe"},{"floor":14,"key":"Bag of Preparation"},{"floor":21,"key":"MawBank"},{"floor":24,"key":"Bronze Scales"},{"floor":26,"key":"Smiling Mask"}],"event_choices":[{"damage_healed":0,"gold_gain":0,"player_choice":"Take Wound","damage_taken":0,"relics_obtained":["Golden Idol"],"max_hp_gain":0,"max_hp_loss":0,"event_name":"Golden Idol","floor":2,"gold_loss":0,"cards_obtained":["Injury"]},{"damage_healed":0,"gold_gain":0,"player_choice":"Trade","damage_taken":0,"relics_obtained":["CultistMask"],"max_hp_gain":0,"max_hp_loss":0,"event_name":"FaceTrader","floor":3,"gold_loss":0},{"damage_healed":0,"gold_gain":0,"player_choice":"1 cards matched","damage_taken":0,"max_hp_gain":0,"max_hp_loss":0,"event_name":"Match and Keep!","floor":5,"gold_loss":0,"cards_obtained":["Ghostly Armor"]},{"damage_healed":0,"gold_gain":0,"player_choice":"Opened","damage_taken":0,"relics_obtained":["Happy Flower"],"max_hp_gain":0,"max_hp_loss":0,"event_name":"The Mausoleum","floor":19,"gold_loss":0,"cards_obtained":["Writhe"]},{"cards_removed":["Writhe"],"damage_healed":0,"gold_gain":0,"player_choice":"Gave Gold","damage_taken":0,"max_hp_gain":0,"max_hp_loss":0,"event_name":"Beggar","floor":20,"gold_loss":75}],"is_beta":false,"boss_relics":[{"not_picked":["Coffee Dripper","Pandora\u0027s Box"],"picked":"SacredBark"}],"items_purged_floors":[11],"is_endless":false,"potions_floor_spawned":[1,10,12,16,18,24],"killed_by":"Gremlin Leader","ascension_level":20}