{"gold_per_floor":[119,63,213,227,227,255,274,301,301,328,308,308,340,340,340,340],"floor_reached":16,"playtime":448,"items_purged":[],"score":306,"play_id":"f3844868-5b2a-48bd-8e8f-f21588db9ebc","local_time":"20220307105854","is_ascension_mode":true,"campfire_choices":[{"floor":12,"key":"REST"},{"data":"Strike_R","floor":15,"key":"PURGE"}],"neow_cost":"NONE","seed_source_timestamp":40201145524700,"circlet_count":0,"master_deck":["AscendersBane","Strike_R","Strike_R","Strike_R","Strike_R","Defend_R","Defend_R","Defend_R","Defend_R","Bash","Metallicize","Cleave","Thunderclap","Metallicize","Spot Weakness","Evolve"],"relics":["Burning Blood","NeowsBlessing","Sundial","Gambling Chip","Peace Pipe","Nunchaku","Dream Catcher"],"potions_floor_usage":[8,13,14],"damage_taken":[{"damage":0,"enemies":"2 Louse","floor":1,"turns":1},{"damage":0,"enemies":"Jaw Worm","floor":4,"turns":1},{"damage":0,"enemies":"Gremlin Nob","floor":6,"turns":1},{"damage":5,"enemies":"Cultist","floor":7,"turns":4},{"damage":24,"enemies":"3 Sentries","floor":8,"turns":8},{"damage":41,"enemies":"Gremlin Nob","floor":10,"turns":5},{"damage":17,"enemies":"3 Sentries","floor":13,"turns":4},{"damage":4,"enemies":"Large Slime","floor":14,"turns":4},{"damage":40,"enemies":"Hexaghost","floor":16,"turns":9}],"seed_played":"2532765507251341947","potions_obtained":[{"floor":1,"key":"Ancient Potion"},{"floor":6,"key":"SmokeBomb"},{"floor":7,"key":"AttackPotion"},{"floor":11,"key":"DuplicationPotion"}],"is_trial":false,"path_per_floor":["M","$","?","M","?","E","M","E","T","E","?","R","E","M","R","B"],"character_chosen":"IRONCLAD","items_purchased":["Cleave"],"campfire_rested":1,"item_purchase_floors":[2],"current_hp_per_floor":[74,74,74,75,75,75,75,57,57,22,22,44,33,35,35,0],"gold":340,"neow_bonus":"THREE_ENEMY_KILL","is_prod":false,"is_daily":false,"chose_seed":false,"campfire_upgraded":0,"win_rate":0,"timestamp":1646647134,"path_taken":["M","$","?","M","?","E","M","E","T","E","?","R","E","?","R","BOSS"],"build_version":"2022-02-27","purchased_purges":0,"victory":false,"max_hp_per_floor":[75,75,75,75,75,75,75,75,75,75,75,75,75,75,75,75],"card_choices":[{"not_picked":["Bloodletting","Sword Boomerang"],"picked":"Metallicize","floor":1},{"not_picked":["Bloodletting","Sword Boomerang"],"picked":"Thunderclap","floor":4},{"not_picked":["Heavy Blade","Twin Strike"],"picked":"Metallicize","floor":6},{"not_picked":["Bludgeon","Flex","Intimidate"],"picked":"SKIP","floor":7},{"not_picked":["Shrug It Off","Pommel Strike"],"picked":"Spot Weakness","floor":8},{"not_picked":["Armaments","Uppercut","Wild Strike"],"picked":"SKIP","floor":10},{"not_picked":["Corruption","Wild Strike"],"picked":"Evolve","floor":13}],"player_experience":1797961,"relics_obtained":[{"floor":6,"key":"Sundial"},{"floor":8,"key":"Gambling Chip"},{"floor":9,"key":"Peace Pipe"},{"floor":10,"key":"Nunchaku"},{"floor":13,"key":"Dream Catcher"}],"event_choices":[{"damage_healed":0,"gold_gain":150,"player_choice":"AGREE","damage_taken":0,"max_hp_gain":0,"max_hp_loss":0,"event_name":"Liars Game","floor":3,"gold_loss":0,"cards_obtained":["Doubt"]},{"cards_removed":["Doubt"],"damage_healed":0,"gold_gain":0,"player_choice":"Forget","damage_taken":0,"max_hp_gain":0,"max_hp_loss":0,"event_name":"Living Wall","floor":5,"gold_loss":0},{"damage_healed":0,"gold_gain":0,"player_choice":"Bought 1 Potion","damage_taken":0,"max_hp_gain":0,"max_hp_loss":0,"event_name":"The Woman in Blue","floor":11,"gold_loss":0}],"is_beta":false,"boss_relics":[],"items_purged_floors":[],"is_endless":false,"potions_floor_spawned":[1,6,7,14],"killed_by":"Hexaghost","ascension_level":20}