{"gold_per_floor":[117,117,30,105,122,122,45,45,116,147,147,72,89,124,124,204,276,290,24,24,36,63,90,90,114,114,132,132,132,160,169,169,246,246,264,292,301,301,30,71,71,71,80,92,92,127,139,139,139,139],"floor_reached":50,"playtime":1852,"items_purged":["Strike_R","Normality"],"score":1188,"play_id":"942aba9a-c6ca-4359-9bbd-f7bec3d2d2d7","local_time":"20220309230611","is_ascension_mode":true,"campfire_choices":[{"floor":6.0,"key":"REST"},{"data":"Uppercut","floor":8.0,"key":"SMITH"},{"floor":11.0,"key":"REST"},{"data":"Clothesline","floor":15.0,"key":"SMITH"},{"floor":24.0,"key":"REST"},{"floor":29.0,"key":"REST"},{"floor":32.0,"key":"REST"},{"floor":42.0,"key":"REST"},{"data":"Impervious","floor":45,"key":"SMITH"},{"floor":49,"key":"RECALL"}],"neow_cost":"NONE","seed_source_timestamp":173707084342600,"circlet_count":0,"master_deck":["AscendersBane","Bash+1","Clothesline+1","Entrench","Uppercut+1","Metallicize+1","Double Tap+1","Anger","Bludgeon+1","Seeing Red","Bludgeon","Uppercut","Demon Form+1","Shockwave","Intimidate","Sadistic Nature+1","Metallicize+1","Shrug It Off+1","Uppercut+1","Writhe","Impervious+1","Shrug It Off+1","Parasite"],"special_seed":0,"relics":["Snecko Eye","Sundial","Frozen Egg 2","CeramicFish","Pandora\u0027s Box","Ancient Tea Set","Tiny Chest","MutagenicStrength","CaptainsWheel","Blood Vial","Cursed Key","Matryoshka","OrangePellets","Molten Egg 2","Nunchaku","Mummified Hand"],"potions_floor_usage":[],"damage_taken":[{"damage":0.0,"enemies":"2 Louse","floor":1.0,"turns":3.0},{"damage":9.0,"enemies":"Jaw Worm","floor":5.0,"turns":2.0},{"damage":27.0,"enemies":"3 Sentries","floor":10.0,"turns":10.0},{"damage":0.0,"enemies":"Small Slimes","floor":13.0,"turns":2.0},{"damage":2.0,"enemies":"Gremlin Nob","floor":14.0,"turns":3.0},{"damage":11.0,"enemies":"The Guardian","floor":16.0,"turns":11.0},{"damage":0.0,"enemies":"Chosen","floor":18.0,"turns":2.0},{"damage":30.0,"enemies":"2 Thieves","floor":21.0,"turns":3.0},{"damage":12.0,"enemies":"3 Cultists","floor":22.0,"turns":4.0},{"damage":11.0,"enemies":"Book of Stabbing","floor":23.0,"turns":3.0},{"damage":0.0,"enemies":"Chosen and Byrds","floor":25.0,"turns":2.0},{"damage":4.0,"enemies":"Shelled Parasite and Fungi","floor":27.0,"turns":2.0},{"damage":12.0,"enemies":"Gremlin Leader","floor":30.0,"turns":2.0},{"damage":54.0,"enemies":"Champ","floor":33.0,"turns":5.0},{"damage":18.0,"enemies":"3 Darklings","floor":35.0,"turns":5.0},{"damage":14.0,"enemies":"3 Shapes","floor":36.0,"turns":3.0},{"damage":0.0,"enemies":"Giant Head","floor":40.0,"turns":5.0},{"damage":3,"enemies":"3 Darklings","floor":44,"turns":5},{"damage":7,"enemies":"Nemesis","floor":46,"turns":5},{"damage":33,"enemies":"4 Shapes","floor":47,"turns":2},{"damage":99,"enemies":"Time Eater","floor":50,"turns":10}],"seed_played":"-6551591007905599645","potions_obtained":[{"floor":5.0,"key":"FairyPotion"},{"floor":10.0,"key":"SneckoOil"},{"floor":18.0,"key":"Strength Potion"},{"floor":23.0,"key":"FearPotion"},{"floor":25.0,"key":"DistilledChaos"},{"floor":27.0,"key":"SteroidPotion"},{"floor":35.0,"key":"Dexterity Potion"}],"is_trial":false,"path_per_floor":["M","?","$","?","M","R","$","R","T","E","R","$","M","E","R","B",null,"M","$","?","M","M","E","R","M","T","M","?","R","E","?","R","B",null,"M","M","T","?","$","E","$","R","T","M","R","E","M","?","R","B"],"character_chosen":"IRONCLAD","items_purchased":["Entrench","Uppercut","Sadistic Nature+1","Metallicize+1","OrangePellets"],"campfire_rested":6,"item_purchase_floors":[3,7,19,19,39],"current_hp_per_floor":[68,45,45,34,25,47,47,47,47,20,42,42,42,40,40,29,64,64,64,64,34,22,11,33,33,33,29,29,51,39,39,61,9,59,43,31,31,31,31,33,33,55,55,54,54,49,18,61,61,0],"gold":139,"neow_bonus":"BOSS_RELIC","is_prod":false,"is_daily":false,"chose_seed":false,"campfire_upgraded":3,"win_rate":0,"timestamp":1646863571,"path_taken":["M","?","?","?","M","R","$","R","T","E","R","$","?","E","R","BOSS","M","$","?","?","?","E","R","M","T","?","?","R","E","?","R","BOSS","M","M","?","?","$","E","$","R","T","M","R","E","?","?","R","BOSS"],"build_version":"2022-03-07","purchased_purges":2,"victory":false,"max_hp_per_floor":[75,75,75,75,75,75,75,75,75,75,75,75,75,75,75,75,75,75,75,75,75,75,75,75,75,75,75,75,75,75,75,75,75,75,75,75,75,75,75,75,75,75,75,75,75,75,75,61,61,61],"card_choices":[{"not_picked":["Sword Boomerang","Cleave"],"picked":"Clothesline","floor":1.0},{"not_picked":["Shrug It Off","Pommel Strike","Anger"],"picked":"SKIP","floor":5.0},{"not_picked":["Twin Strike","Pummel","Clothesline"],"picked":"SKIP","floor":10.0},{"not_picked":["Anger","Shrug It Off"],"picked":"Metallicize+1","floor":13.0},{"not_picked":["Clothesline","Sever Soul","Second Wind"],"picked":"SKIP","floor":14.0},{"not_picked":["Brutality+1","Exhume"],"picked":"Double Tap","floor":16.0},{"not_picked":["Warcry","Perfected Strike","Heavy Blade"],"picked":"SKIP","floor":18.0},{"not_picked":["Hemokinesis","Sentinel","Warcry"],"picked":"SKIP","floor":21.0},{"not_picked":["Pommel Strike","Perfected Strike"],"picked":"Shrug It Off+1","floor":22.0},{"not_picked":["Fire Breathing+1","Infernal Blade","Flex"],"picked":"SKIP","floor":23.0},{"not_picked":["Fiend Fire","Anger"],"picked":"Uppercut+1","floor":25.0},{"not_picked":["True Grit","Metallicize+1","Burning Pact"],"picked":"SKIP","floor":27.0},{"not_picked":["Entrench","Shockwave","Dropkick"],"picked":"SKIP","floor":30.0},{"not_picked":["Cleave","Blood for Blood","Warcry+1"],"picked":"SKIP","floor":35.0},{"not_picked":["Thunderclap","Perfected Strike"],"picked":"Impervious","floor":36.0},{"not_picked":["Sentinel","True Grit"],"picked":"Shrug It Off+1","floor":40.0},{"not_picked":["Clash+1","True Grit","Dual Wield"],"picked":"SKIP","floor":44},{"not_picked":["True Grit","Cleave+1","Rampage+1"],"picked":"SKIP","floor":46},{"not_picked":["Exhume","Perfected Strike+1","Cleave+1"],"picked":"SKIP","floor":47}],"player_experience":1810309,"relics_obtained":[{"floor":9.0,"key":"Sundial"},{"floor":10.0,"key":"Frozen Egg 2"},{"floor":14.0,"key":"CeramicFish"},{"floor":23.0,"key":"Ancient Tea Set"},{"floor":26.0,"key":"Tiny Chest"},{"floor":30.0,"key":"CaptainsWheel"},{"floor":37.0,"key":"Matryoshka"},{"floor":40.0,"key":"Molten Egg 2"},{"floor":43,"key":"Nunchaku"},{"floor":46,"key":"Mummified Hand"}],"event_choices":[{"damage_healed":0.0,"max_hp_gain":0.0,"max_hp_loss":0.0,"gold_gain":0.0,"event_name":"Shining Light","player_choice":"Entered Light","floor":2.0,"gold_loss":0.0,"damage_taken":23.0,"cards_upgraded":["Bash","Strike_R"]},{"damage_healed":0.0,"max_hp_gain":0.0,"max_hp_loss":0.0,"gold_gain":75.0,"event_name":"World of Goop","player_choice":"Gather Gold","floor":4.0,"gold_loss":0.0,"damage_taken":11.0},{"damage_healed":0.0,"max_hp_gain":0.0,"max_hp_loss":0.0,"gold_gain":0.0,"event_name":"Accursed Blacksmith","player_choice":"Forge","floor":20.0,"gold_loss":0.0,"damage_taken":0.0,"cards_upgraded":["Double Tap"]},{"damage_healed":0.0,"max_hp_gain":0.0,"max_hp_loss":0.0,"gold_gain":0.0,"event_name":"Drug Dealer","player_choice":"Inject Mutagens","floor":28.0,"gold_loss":0.0,"damage_taken":0.0,"relics_obtained":["MutagenicStrength"]},{"damage_healed":0.0,"max_hp_gain":0.0,"max_hp_loss":0.0,"gold_gain":0.0,"event_name":"The Mausoleum","player_choice":"Opened","floor":31.0,"gold_loss":0.0,"damage_taken":0.0,"relics_obtained":["Blood Vial"],"cards_obtained":["Writhe"]},{"damage_healed":0.0,"max_hp_gain":0.0,"max_hp_loss":0.0,"gold_gain":0.0,"event_name":"Upgrade Shrine","player_choice":"Upgraded","floor":38.0,"gold_loss":0.0,"damage_taken":0.0,"cards_upgraded":["Bludgeon"]},{"damage_healed":61,"gold_gain":0,"player_choice":"Heal","damage_taken":0,"max_hp_gain":0,"max_hp_loss":14,"event_name":"The Moai Head","floor":48,"gold_loss":0}],"is_beta":false,"boss_relics":[{"not_picked":["Ectoplasm","Tiny House"],"picked":"Pandora\u0027s Box"},{"not_picked":["Mark of Pain","Velvet Choker"],"picked":"Cursed Key"}],"items_purged_floors":[12,39],"is_endless":false,"potions_floor_spawned":[5,10,14,18,23,25,27,35,46,47],"killed_by":"Time Eater","ascension_level":20}