{"gold_per_floor":[114,128,128,128,85,85,111,111,135,285,300,300,300,330,330,330],"floor_reached":16,"playtime":197,"items_purged":[],"score":262,"play_id":"ac546b23-d74d-4b4e-b212-8289d6808573","local_time":"20220310224925","is_ascension_mode":true,"campfire_choices":[{"data":"Rupture","floor":6,"key":"SMITH"},{"data":"Rupture","floor":8,"key":"SMITH"},{"data":"Sword Boomerang","floor":12,"key":"SMITH"},{"data":"Bash","floor":15,"key":"SMITH"}],"neow_cost":"NONE","seed_source_timestamp":260770928123500,"circlet_count":0,"master_deck":["AscendersBane","Strike_R","Strike_R","Strike_R","Strike_R","Defend_R","Defend_R","Defend_R","Defend_R","Bash+1","Rupture+1","Rupture+1","Sword Boomerang+1","Bloodletting","Doubt","Cleave"],"relics":["Burning Blood","NeowsBlessing","Gremlin Horn","CaptainsWheel","PreservedInsect","Potion Belt","Orichalcum"],"potions_floor_usage":[14,16],"damage_taken":[{"damage":0,"enemies":"Small Slimes","floor":1,"turns":1},{"damage":0,"enemies":"Jaw Worm","floor":2,"turns":1},{"damage":0,"enemies":"3 Sentries","floor":7,"turns":1},{"damage":11,"enemies":"2 Louse","floor":11,"turns":3},{"damage":14,"enemies":"Gremlin Nob","floor":14,"turns":3},{"damage":43,"enemies":"The Guardian","floor":16,"turns":7}],"seed_played":"-3249510114047055314","potions_obtained":[{"floor":2,"key":"Strength Potion"},{"floor":7,"key":"EssenceOfSteel"}],"is_trial":false,"path_per_floor":["M","M","?","?","$","R","E","R","T","?","M","R","T","E","R","B"],"character_chosen":"IRONCLAD","items_purchased":["Bloodletting"],"campfire_rested":0,"item_purchase_floors":[5],"current_hp_per_floor":[74,75,75,49,49,49,55,55,55,55,50,50,50,42,42,0],"gold":330,"neow_bonus":"THREE_ENEMY_KILL","is_prod":false,"is_daily":false,"chose_seed":false,"campfire_upgraded":4,"win_rate":0,"timestamp":1646948965,"path_taken":["M","M","?","?","$","R","E","R","T","?","M","R","?","E","R","BOSS"],"build_version":"2022-03-07","purchased_purges":0,"victory":false,"max_hp_per_floor":[75,75,75,75,75,75,75,75,75,75,75,75,75,75,75,75],"card_choices":[{"not_picked":["Warcry","Uppercut"],"picked":"Rupture","floor":1},{"not_picked":["Twin Strike","Iron Wave"],"picked":"Rupture","floor":2},{"not_picked":["Dark Embrace","Pommel Strike","Power Through"],"picked":"SKIP","floor":7},{"not_picked":["Twin Strike","Reckless Charge","Pommel Strike"],"picked":"SKIP","floor":11},{"not_picked":["Flex","Wild Strike"],"picked":"Cleave","floor":14}],"player_experience":1815853,"relics_obtained":[{"floor":7,"key":"CaptainsWheel"},{"floor":9,"key":"PreservedInsect"},{"floor":13,"key":"Potion Belt"},{"floor":14,"key":"Orichalcum"}],"event_choices":[{"damage_healed":0,"gold_gain":0,"cards_transformed":["Strike_R"],"player_choice":"Change","damage_taken":0,"max_hp_gain":0,"max_hp_loss":0,"event_name":"Living Wall","floor":3,"gold_loss":0,"cards_obtained":["Sword Boomerang"]},{"damage_healed":0,"gold_gain":0,"player_choice":"Success","damage_taken":26,"relics_obtained":["Gremlin Horn"],"max_hp_gain":0,"max_hp_loss":0,"event_name":"Scrap Ooze","floor":4,"gold_loss":0},{"damage_healed":0,"gold_gain":150,"player_choice":"AGREE","damage_taken":0,"max_hp_gain":0,"max_hp_loss":0,"event_name":"Liars Game","floor":10,"gold_loss":0,"cards_obtained":["Doubt"]}],"is_beta":false,"boss_relics":[],"items_purged_floors":[],"is_endless":false,"potions_floor_spawned":[2,7,11],"killed_by":"The Guardian","ascension_level":20}