{"gold_per_floor":[363,97,97,34,46,58,97,121,157,201,55,55],"floor_reached":12,"playtime":285,"items_purged":["Pain"],"score":168,"play_id":"fd7d9e7b-8e22-4e06-a21e-f8775c293b96","local_time":"20220306153816","is_ascension_mode":true,"campfire_choices":[{"data":"Bash","floor":6,"key":"SMITH"}],"neow_cost":"CURSE","seed_source_timestamp":41105099452100,"circlet_count":0,"master_deck":["AscendersBane","Strike_R","Strike_R","Strike_R","Strike_R","Defend_R","Defend_R","Defend_R","Defend_R","Bash+1","Reckless Charge","Shrug It Off","Cleave","Disarm"],"relics":["Burning Blood","Toolbox","MawBank","GremlinMask","Orichalcum","Centennial Puzzle","StoneCalendar","ClockworkSouvenir"],"potions_floor_usage":[12],"damage_taken":[{"damage":9,"enemies":"Small Slimes","floor":1,"turns":5},{"damage":43,"enemies":"Lagavulin","floor":7,"turns":9},{"damage":2,"enemies":"2 Louse","floor":8,"turns":3},{"damage":20,"enemies":"Gremlin Nob","floor":10,"turns":4},{"damage":16,"enemies":"3 Sentries","floor":12,"turns":4}],"seed_played":"6341476323180676294","potions_obtained":[{"floor":7,"key":"SkillPotion"}],"is_trial":false,"path_per_floor":["M","$","?","?","?","R","E","M","T","E","$","E"],"character_chosen":"IRONCLAD","items_purchased":["Toolbox","Shrug It Off","ClockworkSouvenir"],"campfire_rested":0,"item_purchase_floors":[2,2,11],"current_hp_per_floor":[65,65,60,60,60,60,23,27,27,13,13,0],"gold":55,"neow_bonus":"TWO_FIFTY_GOLD","is_prod":false,"is_daily":false,"chose_seed":false,"campfire_upgraded":1,"win_rate":0,"timestamp":1646577496,"path_taken":["M","$","?","?","?","R","E","?","T","E","?","E"],"build_version":"2022-02-27","purchased_purges":1,"victory":false,"max_hp_per_floor":[75,75,75,75,75,75,75,75,75,75,75,75],"card_choices":[{"not_picked":["True Grit","Entrench"],"picked":"Reckless Charge","floor":1},{"not_picked":["Clothesline","Uppercut"],"picked":"Cleave","floor":7},{"not_picked":["Flex","Corruption","Armaments"],"picked":"SKIP","floor":8},{"not_picked":["Reckless Charge","Burning Pact"],"picked":"Disarm","floor":10}],"player_experience":1808049,"relics_obtained":[{"floor":7,"key":"Orichalcum"},{"floor":9,"key":"Centennial Puzzle"},{"floor":10,"key":"StoneCalendar"}],"event_choices":[{"damage_healed":0,"gold_gain":0,"player_choice":"Success","damage_taken":5,"relics_obtained":["MawBank"],"max_hp_gain":0,"max_hp_loss":0,"event_name":"Scrap Ooze","floor":3,"gold_loss":0},{"cards_removed":["Strike_R"],"damage_healed":0,"gold_gain":0,"player_choice":"Card Removal","damage_taken":0,"max_hp_gain":0,"max_hp_loss":0,"event_name":"The Cleric","floor":4,"gold_loss":75},{"damage_healed":0,"gold_gain":0,"player_choice":"Trade","damage_taken":0,"relics_obtained":["GremlinMask"],"max_hp_gain":0,"max_hp_loss":0,"event_name":"FaceTrader","floor":5,"gold_loss":0}],"is_beta":false,"boss_relics":[],"items_purged_floors":[2],"is_endless":false,"potions_floor_spawned":[7],"killed_by":"3 Sentries","ascension_level":20}