{"gold_per_floor":[111,111,134,154,169,196,226,250,309,341,365,377],"floor_reached":12,"playtime":320,"items_purged":[],"score":168,"play_id":"d943a58e-7b9a-4091-b67d-93fd37ca840d","local_time":"20220310224601","is_ascension_mode":true,"campfire_choices":[],"neow_cost":"NONE","seed_source_timestamp":260444069580500,"circlet_count":0,"master_deck":["AscendersBane","Strike_R","Strike_R","Strike_R","Strike_R","Defend_R","Defend_R","Defend_R","Defend_R","Bash","Rage","Fire Breathing","Clash"],"relics":["Busted Crown","MealTicket","MawBank","Dream Catcher"],"potions_floor_usage":[6,8,11],"damage_taken":[{"damage":1,"enemies":"Cultist","floor":1,"turns":3},{"damage":2,"enemies":"Jaw Worm","floor":4,"turns":3},{"damage":5,"enemies":"2 Louse","floor":5,"turns":3},{"damage":14,"enemies":"3 Sentries","floor":6,"turns":5},{"damage":31,"enemies":"Gremlin Gang","floor":7,"turns":5},{"damage":12,"enemies":"Exordium Wildlife","floor":8,"turns":4},{"damage":5,"enemies":"Lots of Slimes","floor":10,"turns":5},{"damage":0,"enemies":"Blue Slaver","floor":11,"turns":4},{"damage":10,"enemies":"Lagavulin","floor":12,"turns":3}],"seed_played":"-7901782334723692637","potions_obtained":[{"floor":4,"key":"BloodPotion"},{"floor":5,"key":"Strength Potion"},{"floor":8,"key":"HeartOfIron"}],"is_trial":false,"path_per_floor":["M","?","T","M","M","E","M","M","T","M","M","E"],"character_chosen":"IRONCLAD","items_purchased":[],"campfire_rested":0,"item_purchase_floors":[],"current_hp_per_floor":[67,60,60,58,53,39,8,11,11,6,6,0],"gold":377,"neow_bonus":"BOSS_RELIC","is_prod":false,"is_daily":false,"chose_seed":false,"campfire_upgraded":0,"win_rate":0,"timestamp":1646948761,"path_taken":["M","?","?","M","?","E","?","M","T","?","M","E"],"build_version":"2022-03-07","purchased_purges":0,"victory":false,"max_hp_per_floor":[75,75,75,75,75,75,75,75,75,75,75,75],"card_choices":[{"not_picked":["Flex"],"picked":"SKIP","floor":1},{"not_picked":[],"picked":"Rage","floor":4},{"not_picked":[],"picked":"Fire Breathing","floor":5},{"not_picked":[],"picked":"Clash","floor":6},{"not_picked":["True Grit"],"picked":"SKIP","floor":7},{"not_picked":["Sword Boomerang"],"picked":"SKIP","floor":8},{"not_picked":["Battle Trance"],"picked":"SKIP","floor":10},{"not_picked":["Sword Boomerang"],"picked":"SKIP","floor":11}],"player_experience":1815533,"relics_obtained":[{"floor":3,"key":"MealTicket"},{"floor":6,"key":"MawBank"},{"floor":9,"key":"Dream Catcher"}],"event_choices":[{"cards_removed":["Strike_R"],"damage_healed":0,"gold_gain":0,"player_choice":"Card Removal","damage_taken":7,"max_hp_gain":0,"max_hp_loss":0,"event_name":"Golden Wing","floor":2,"gold_loss":0}],"is_beta":false,"boss_relics":[],"items_purged_floors":[],"is_endless":false,"potions_floor_spawned":[4,5,8],"killed_by":"Lagavulin","ascension_level":20}