{"gold_per_floor":[119,119,269,294,320,363,363,407,407,477,477,157,157,192,192,192],"floor_reached":16,"playtime":312,"items_purged":[],"score":277,"play_id":"2ee7c0d9-21d5-4b10-97fd-d122a29c6b4b","local_time":"20220314223531","is_ascension_mode":true,"campfire_choices":[{"floor":7,"key":"REST"},{"floor":15,"key":"REST"}],"neow_cost":"NONE","seed_source_timestamp":605425517215200,"circlet_count":0,"master_deck":["AscendersBane","Strike_R","Strike_R","Strike_R","Strike_R","Strike_R","Defend_R","Defend_R","Defend_R","Defend_R","Bash","Whirlwind","Injury","Fire Breathing","Sentinel","Dark Embrace","Thunderclap","Warcry","Juggernaut"],"relics":["SlaversCollar","Golden Idol","Juzu Bracelet","Pen Nib","Strawberry","Bottled Tornado","Champion Belt","Spirit Poop","Letter Opener","Mummified Hand"],"potions_floor_usage":[6,8],"damage_taken":[{"damage":1,"enemies":"Cultist","floor":1,"turns":3},{"damage":20,"enemies":"Small Slimes","floor":4,"turns":4},{"damage":42,"enemies":"Lagavulin","floor":6,"turns":8},{"damage":0,"enemies":"Gremlin Nob","floor":8,"turns":2},{"damage":20,"enemies":"3 Sentries","floor":10,"turns":4},{"damage":10,"enemies":"3 Sentries","floor":14,"turns":2},{"damage":32,"enemies":"The Guardian","floor":16,"turns":4}],"seed_played":"1461798239385880550","potions_obtained":[{"floor":1,"key":"Energy Potion"},{"floor":6,"key":"SteroidPotion"},{"floor":14,"key":"ElixirPotion"}],"is_trial":false,"path_per_floor":["M","?","?","M","T","E","R","E","T","?","?","$","?","E","R","B"],"character_chosen":"IRONCLAD","items_purchased":["Warcry","Letter Opener"],"campfire_rested":2,"item_purchase_floors":[12,12],"current_hp_per_floor":[67,67,67,47,47,5,27,34,34,14,14,14,14,4,28,0],"gold":192,"neow_bonus":"BOSS_RELIC","is_prod":false,"is_daily":false,"chose_seed":false,"campfire_upgraded":0,"win_rate":0,"timestamp":1647293731,"path_taken":["M","?","?","M","?","E","R","E","T","?","?","$","?","E","R","BOSS"],"build_version":"2022-03-07","purchased_purges":0,"victory":false,"max_hp_per_floor":[75,75,75,75,75,75,75,82,82,82,82,82,82,82,82,82],"card_choices":[{"not_picked":["Disarm","Burning Pact"],"picked":"Whirlwind","floor":1},{"not_picked":["Headbutt","Wild Strike"],"picked":"Fire Breathing","floor":4},{"not_picked":["Sword Boomerang","Iron Wave"],"picked":"Sentinel","floor":6},{"not_picked":["Sword Boomerang","Rampage"],"picked":"Dark Embrace","floor":8},{"not_picked":["Searing Blow","Cleave"],"picked":"Thunderclap","floor":10},{"not_picked":["Twin Strike","True Grit"],"picked":"Juggernaut","floor":14}],"player_experience":1828313,"relics_obtained":[{"floor":5,"key":"Juzu Bracelet"},{"floor":6,"key":"Pen Nib"},{"floor":8,"key":"Strawberry"},{"floor":9,"key":"Bottled Tornado"},{"floor":10,"key":"Champion Belt"},{"floor":14,"key":"Mummified Hand"}],"event_choices":[{"damage_healed":0,"gold_gain":0,"player_choice":"Take Wound","damage_taken":0,"relics_obtained":["Golden Idol"],"max_hp_gain":0,"max_hp_loss":0,"event_name":"Golden Idol","floor":2,"gold_loss":0,"cards_obtained":["Injury"]},{"damage_healed":0,"gold_gain":150,"player_choice":"AGREE","damage_taken":0,"max_hp_gain":0,"max_hp_loss":0,"event_name":"Liars Game","floor":3,"gold_loss":0,"cards_obtained":["Doubt"]},{"damage_healed":0,"gold_gain":0,"player_choice":"Searched \u00271\u0027 times","damage_taken":0,"max_hp_gain":0,"max_hp_loss":0,"event_name":"Dead Adventurer","floor":10,"gold_loss":0},{"cards_removed":["Doubt"],"damage_healed":0,"gold_gain":0,"player_choice":"Offered Curse","damage_taken":0,"relics_obtained":["Spirit Poop"],"max_hp_gain":0,"max_hp_loss":0,"event_name":"Bonfire Elementals","floor":11,"gold_loss":0},{"damage_healed":0,"gold_gain":0,"player_choice":"Ignored","damage_taken":0,"max_hp_gain":0,"max_hp_loss":0,"event_name":"Shining Light","floor":13,"gold_loss":0}],"is_beta":false,"boss_relics":[],"items_purged_floors":[],"is_endless":false,"potions_floor_spawned":[1,6,14],"killed_by":"The Guardian","ascension_level":20}