{"gold_per_floor":[119,119,134,59,128,159,159,189,266,266,316,376,411,136,136,215,215,227,62,112,162,223,250,265,293,293,125,155,205,205,236,236,313,313,327,389,403,453,112,138,205,205,205,255,290,290,319,386,386,386,386,386,386,16,46,46],"floor_reached":56,"playtime":1532,"items_purged":["Strike_R","Strike_R"],"score":2183,"play_id":"b45c878a-8546-4af3-8b25-5def4253f4a3","local_time":"20220313102322","is_ascension_mode":true,"campfire_choices":[{"data":"Inflame","floor":7,"key":"SMITH"},{"floor":10,"key":"REST"},{"data":"Inflame","floor":15,"key":"SMITH"},{"floor":30,"key":"REST"},{"data":"Limit Break","floor":32,"key":"SMITH"},{"floor":42,"key":"RECALL"},{"data":"Limit Break","floor":46,"key":"SMITH"},{"data":"Shrug It Off","floor":49,"key":"SMITH"},{"data":"True Grit","floor":53,"key":"SMITH"}],"neow_cost":"NONE","seed_source_timestamp":473873588886200,"circlet_count":0,"master_deck":["AscendersBane","Strike_R","Strike_R+1","Defend_R","Defend_R+1","Defend_R+1","Defend_R","Bash","Inflame+1","Pommel Strike","Cleave+1","Inflame+1","True Grit+1","Twin Strike+1","Limit Break+1","Shrug It Off+1","Heavy Blade+1","Sword Boomerang+1","Metallicize+1","Limit Break+1"],"relics":["Black Blood","NeowsBlessing","SsserpentHead","CaptainsWheel","Bag of Preparation","Molten Egg 2","Dream Catcher","Paper Frog","Sozu","Pen Nib","Matryoshka","Centennial Puzzle","Lantern","Nunchaku","Whetstone","HornCleat","Boot","Oddly Smooth Stone","Sling","Bird Faced Urn","War Paint","Lizard Tail","Bronze Scales","InkBottle","Shuriken","StoneCalendar"],"potions_floor_usage":[8,23,55],"damage_taken":[{"damage":0,"enemies":"Small Slimes","floor":1,"turns":1},{"damage":0,"enemies":"Cultist","floor":3,"turns":1},{"damage":0,"enemies":"Jaw Worm","floor":5,"turns":1},{"damage":44,"enemies":"Lagavulin","floor":6,"turns":8},{"damage":35,"enemies":"3 Sentries","floor":8,"turns":7},{"damage":4,"enemies":"Red Slaver","floor":12,"turns":4},{"damage":15,"enemies":"Lagavulin","floor":13,"turns":5},{"damage":27,"enemies":"Slime Boss","floor":16,"turns":7},{"damage":5,"enemies":"Spheric Guardian","floor":18,"turns":4},{"damage":0,"enemies":"Chosen","floor":22,"turns":4},{"damage":5,"enemies":"Gremlin Leader","floor":23,"turns":4},{"damage":26,"enemies":"Snecko","floor":24,"turns":5},{"damage":17,"enemies":"Book of Stabbing","floor":25,"turns":3},{"damage":12,"enemies":"Slavers","floor":28,"turns":4},{"damage":3,"enemies":"Book of Stabbing","floor":31,"turns":4},{"damage":4,"enemies":"Collector","floor":33,"turns":5},{"damage":2,"enemies":"Orb Walker","floor":35,"turns":3},{"damage":7,"enemies":"3 Shapes","floor":36,"turns":4},{"damage":2,"enemies":"Sphere and 2 Shapes","floor":37,"turns":5},{"damage":0,"enemies":"Reptomancer","floor":40,"turns":5},{"damage":3,"enemies":"Spire Growth","floor":41,"turns":3},{"damage":12,"enemies":"Giant Head","floor":45,"turns":5},{"damage":5,"enemies":"Reptomancer","floor":47,"turns":4},{"damage":0,"enemies":"Maw","floor":48,"turns":4},{"damage":11,"enemies":"Donu and Deca","floor":50,"turns":5},{"damage":69,"enemies":"Awakened One","floor":51,"turns":6},{"damage":26,"enemies":"Shield and Spear","floor":55,"turns":4},{"damage":100,"enemies":"The Heart","floor":56,"turns":5}],"seed_played":"-1665511318359886066","potions_obtained":[{"floor":3,"key":"Explosive Potion"},{"floor":6,"key":"BlessingOfTheForge"},{"floor":13,"key":"ColorlessPotion"}],"is_trial":false,"path_per_floor":["M","?","M","$","M","E","R","E","T","R","?","M","E","$","R","B",null,"M","$","?","?","M","E","M","E","T","$","E","?","R","E","R","B",null,"M","M","M","?","$","E","M","R","T","T","E","R","E","M","R","B","B",null,"R","$","E","B"],"character_chosen":"IRONCLAD","items_purchased":["Paper Frog","Pen Nib","Whetstone","Oddly Smooth Stone","Sling","Shuriken"],"campfire_rested":2,"item_purchase_floors":[14,19,27,39,39,54],"current_hp_per_floor":[74,74,75,75,75,37,37,8,8,30,75,75,66,66,66,45,68,69,69,69,65,71,72,52,41,41,41,35,35,57,60,60,62,72,75,75,75,75,75,75,75,75,75,75,75,75,75,75,75,75,20,61,61,61,53,0],"gold":46,"neow_bonus":"THREE_ENEMY_KILL","is_prod":false,"is_daily":false,"chose_seed":false,"campfire_upgraded":6,"win_rate":0,"timestamp":1647163402,"path_taken":["M","?","M","$","?","E","R","E","T","R","?","?","E","$","R","BOSS","M","$","?","?","?","E","M","E","T","$","E","?","R","E","R","BOSS","M","?","M","?","$","E","?","R","T","?","E","R","E","?","R","BOSS","BOSS","R","$","E","BOSS"],"build_version":"2022-03-07","purchased_purges":2,"victory":false,"max_hp_per_floor":[75,75,75,75,75,75,75,75,75,75,75,75,75,75,75,75,75,75,75,75,75,75,75,75,75,75,75,75,75,75,75,75,75,75,75,75,75,75,75,75,75,75,75,75,75,75,75,75,75,75,75,75,75,75,75,75],"card_choices":[{"not_picked":["Headbutt","Dark Embrace"],"picked":"Inflame","floor":1},{"not_picked":["Seeing Red","Headbutt"],"picked":"Pommel Strike","floor":3},{"not_picked":["Hemokinesis","Twin Strike"],"picked":"Cleave","floor":5},{"not_picked":["Ghostly Armor","Burning Pact"],"picked":"Inflame","floor":6},{"not_picked":["Metallicize","Twin Strike"],"picked":"True Grit","floor":8},{"not_picked":["Spot Weakness","Bloodletting","Iron Wave+1"],"picked":"SKIP","floor":12},{"not_picked":["Demon Form","Warcry"],"picked":"Twin Strike+1","floor":13},{"not_picked":["Feed+1","Juggernaut"],"picked":"Limit Break","floor":16},{"not_picked":["Bloodletting+1","Feel No Pain"],"picked":"Shrug It Off","floor":18},{"not_picked":["Headbutt+1","Wild Strike+1","Heavy Blade+1"],"picked":"SKIP","floor":22},{"not_picked":["Heavy Blade+1","Combust"],"picked":"Sword Boomerang+1","floor":23},{"not_picked":["Havoc","Armaments"],"picked":"Metallicize+1","floor":24},{"not_picked":["Warcry","Whirlwind+1","Exhume"],"picked":"SKIP","floor":25},{"not_picked":["Metallicize","Flex","Warcry"],"picked":"SKIP","floor":28},{"not_picked":["Armaments","Shrug It Off","Perfected Strike+1"],"picked":"SKIP","floor":31},{"not_picked":["Sword Boomerang+1","Rampage+1","Headbutt+1"],"picked":"SKIP","floor":35},{"not_picked":["Clash+1","Pummel+1","Shockwave+1"],"picked":"SKIP","floor":36},{"not_picked":["Infernal Blade","Armaments","Cleave+1"],"picked":"SKIP","floor":37},{"not_picked":["Twin Strike+1","Feel No Pain","Infernal Blade+1"],"picked":"SKIP","floor":40},{"not_picked":["Heavy Blade+1","Cleave+1","Havoc"],"picked":"SKIP","floor":41},{"not_picked":["Anger+1","True Grit","Clash+1"],"picked":"SKIP","floor":45},{"not_picked":["Uppercut+1","Twin Strike+1","Brutality"],"picked":"SKIP","floor":47},{"not_picked":["Perfected Strike+1","Cleave+1","Wild Strike+1"],"picked":"SKIP","floor":48},{"not_picked":["Pommel Strike+1","Seeing Red","Barricade"],"picked":"SKIP","floor":55}],"player_experience":1821802,"relics_obtained":[{"floor":6,"key":"CaptainsWheel"},{"floor":8,"key":"Bag of Preparation"},{"floor":9,"key":"Molten Egg 2"},{"floor":13,"key":"Dream Catcher"},{"floor":23,"key":"Matryoshka"},{"floor":25,"key":"Centennial Puzzle"},{"floor":26,"key":"Lantern"},{"floor":26,"key":"Nunchaku"},{"floor":28,"key":"HornCleat"},{"floor":31,"key":"Boot"},{"floor":40,"key":"Bird Faced Urn"},{"floor":43,"key":"War Paint"},{"floor":44,"key":"Lizard Tail"},{"floor":45,"key":"Bronze Scales"},{"floor":47,"key":"InkBottle"},{"floor":55,"key":"StoneCalendar"}],"event_choices":[{"damage_healed":0,"gold_gain":0,"player_choice":"Trade","damage_taken":0,"relics_obtained":["SsserpentHead"],"max_hp_gain":0,"max_hp_loss":0,"event_name":"FaceTrader","floor":2,"gold_loss":0},{"damage_healed":45,"gold_gain":0,"player_choice":"Full Heal","damage_taken":0,"max_hp_gain":0,"max_hp_loss":0,"event_name":"Wheel of Change","floor":11,"gold_loss":0},{"damage_healed":0,"gold_gain":0,"player_choice":"Read","damage_taken":0,"max_hp_gain":0,"max_hp_loss":0,"event_name":"The Library","floor":20,"gold_loss":0,"cards_obtained":["Heavy Blade"]},{"damage_healed":0,"gold_gain":0,"player_choice":"Bought 0 Potions","damage_taken":0,"max_hp_gain":0,"max_hp_loss":0,"event_name":"The Woman in Blue","floor":21,"gold_loss":0},{"damage_healed":0,"gold_gain":0,"player_choice":"Copied","damage_taken":0,"max_hp_gain":0,"max_hp_loss":0,"event_name":"Duplicator","floor":29,"gold_loss":0,"cards_obtained":["Limit Break"]},{"cards_removed":["Strike_R"],"damage_healed":0,"gold_gain":0,"player_choice":"Card Removal","damage_taken":0,"max_hp_gain":0,"max_hp_loss":0,"event_name":"Wheel of Change","floor":38,"gold_loss":0}],"is_beta":false,"boss_relics":[{"not_picked":["Tiny House","Fusion Hammer"],"picked":"Sozu"},{"not_picked":["Astrolabe","Black Star"],"picked":"Black Blood"}],"items_purged_floors":[4,54],"is_endless":false,"potions_floor_spawned":[3,6,13,18,23,25,31,33,41,47,48],"killed_by":"The Heart","ascension_level":20}