{"gold_per_floor":[99,99,99,99,59,59,59,59,59,59,59,59,59,30,30,30,30,30,30,30,0,0,0,0],"floor_reached":24,"playtime":620,"items_purged":[],"score":424,"play_id":"5e2479e7-3e99-4984-aec2-863fbfcab4ba","local_time":"20220312202146","is_ascension_mode":true,"campfire_choices":[{"floor":6,"key":"REST"},{"floor":11,"key":"REST"},{"data":"Armaments","floor":15,"key":"SMITH"},{"floor":23,"key":"REST"}],"neow_cost":"NONE","seed_source_timestamp":424289394757300,"circlet_count":0,"master_deck":["AscendersBane","Strike_R","Strike_R","Strike_R","Strike_R","Strike_R","Defend_R","Defend_R","Defend_R","Defend_R","Bash","Hemokinesis","Inflame","Fire Breathing","Armaments+1","Pommel Strike","Rampage","Shrug It Off","Sword Boomerang","Offering","Shame"],"relics":["Ectoplasm","Bronze Scales","Regal Pillow","Ancient Tea Set","White Beast Statue","Fusion Hammer","Nunchaku","Nilry\u0027s Codex"],"potions_floor_usage":[7,10,18,24],"damage_taken":[{"damage":7,"enemies":"Small Slimes","floor":1,"turns":4},{"damage":1,"enemies":"Cultist","floor":3,"turns":3},{"damage":9,"enemies":"Jaw Worm","floor":4,"turns":4},{"damage":14,"enemies":"Looter","floor":5,"turns":3},{"damage":26,"enemies":"Lagavulin","floor":7,"turns":5},{"damage":15,"enemies":"3 Sentries","floor":10,"turns":4},{"damage":10,"enemies":"Large Slime","floor":12,"turns":4},{"damage":6,"enemies":"Lagavulin","floor":13,"turns":6},{"damage":23,"enemies":"Hexaghost","floor":16,"turns":8},{"damage":20,"enemies":"3 Byrds","floor":18,"turns":3},{"damage":70,"enemies":"Gremlin Leader","floor":24,"turns":5}],"seed_played":"-3565933534659344370","potions_obtained":[{"floor":4,"key":"SkillPotion"},{"floor":5,"key":"ColorlessPotion"},{"floor":7,"key":"Energy Potion"},{"floor":16,"key":"PowerPotion"},{"floor":18,"key":"SkillPotion"}],"is_trial":false,"path_per_floor":["M","?","M","M","M","R","E","$","T","E","R","M","E","$","R","B",null,"M","?","?","?","?","R","E"],"character_chosen":"IRONCLAD","items_purchased":["Sword Boomerang"],"campfire_rested":3,"item_purchase_floors":[14],"current_hp_per_floor":[61,61,60,51,37,59,33,33,33,18,55,45,39,39,39,16,60,40,40,40,40,19,56,0],"gold":0,"neow_bonus":"BOSS_RELIC","is_prod":false,"is_daily":false,"chose_seed":false,"campfire_upgraded":1,"win_rate":0,"timestamp":1647112906,"path_taken":["M","?","?","M","M","R","E","?","T","E","R","M","E","$","R","BOSS","M","?","?","?","?","R","E"],"build_version":"2022-03-07","purchased_purges":0,"victory":false,"max_hp_per_floor":[75,75,75,75,75,75,75,75,75,75,75,75,75,75,75,75,75,75,75,75,75,75,75,75],"card_choices":[{"not_picked":["Twin Strike","Heavy Blade"],"picked":"Hemokinesis","floor":1},{"not_picked":["Evolve","Sentinel"],"picked":"Fire Breathing","floor":3},{"not_picked":["Entrench","Clash"],"picked":"Armaments","floor":4},{"not_picked":["Pummel","Heavy Blade"],"picked":"Pommel Strike","floor":5},{"not_picked":["Entrench","Heavy Blade"],"picked":"Rampage","floor":7},{"not_picked":["Headbutt","Armaments"],"picked":"Shrug It Off","floor":10},{"not_picked":["Battle Trance","Barricade","Infernal Blade"],"picked":"SKIP","floor":12},{"not_picked":["Metallicize","Headbutt","Bloodletting"],"picked":"SKIP","floor":13},{"not_picked":["Demon Form","Barricade"],"picked":"Offering","floor":16},{"not_picked":["Flex","Anger","Body Slam"],"picked":"SKIP","floor":18}],"player_experience":1820530,"relics_obtained":[{"floor":7,"key":"Bronze Scales"},{"floor":9,"key":"Regal Pillow"},{"floor":10,"key":"Ancient Tea Set"},{"floor":13,"key":"White Beast Statue"},{"floor":22,"key":"Nilry\u0027s Codex"}],"event_choices":[{"damage_healed":0,"gold_gain":0,"player_choice":"1 cards matched","damage_taken":0,"max_hp_gain":0,"max_hp_loss":0,"event_name":"Match and Keep!","floor":2,"gold_loss":0,"cards_obtained":["Inflame"]},{"damage_healed":0,"gold_gain":0,"player_choice":"Stole Relic","damage_taken":0,"relics_obtained":["Nunchaku"],"max_hp_gain":0,"max_hp_loss":0,"event_name":"Addict","floor":19,"gold_loss":0,"cards_obtained":["Shame"]},{"damage_healed":0,"gold_gain":50,"player_choice":"Stole From Cult","damage_taken":0,"max_hp_gain":0,"max_hp_loss":0,"event_name":"Nest","floor":20,"gold_loss":0},{"damage_healed":0,"gold_gain":0,"player_choice":"Paid Fearfully","damage_taken":0,"max_hp_gain":0,"max_hp_loss":0,"event_name":"Masked Bandits","floor":21,"gold_loss":30},{"damage_healed":0,"gold_gain":0,"player_choice":"Obtained Book","damage_taken":21,"max_hp_gain":0,"max_hp_loss":0,"event_name":"Cursed Tome","floor":22,"gold_loss":0}],"is_beta":false,"boss_relics":[{"not_picked":["Snecko Eye","Calling Bell"],"picked":"Fusion Hammer"}],"items_purged_floors":[],"is_endless":false,"potions_floor_spawned":[4,5,7,16,18],"killed_by":"Gremlin Leader","ascension_level":20}