{"gold_per_floor":[113,113,131,111,121,121,46,62,85,119,119,119,146,163,163,163],"floor_reached":16,"playtime":499,"items_purged":["Defend_R"],"score":220,"play_id":"37363e2b-c7cc-4a0b-a138-930bcb24ceb0","local_time":"20220314224442","is_ascension_mode":true,"campfire_choices":[{"data":"Perfected Strike","floor":6,"key":"SMITH"},{"floor":15,"key":"REST"}],"neow_cost":"NONE","seed_source_timestamp":605789335721200,"circlet_count":0,"master_deck":["AscendersBane","Strike_R","Strike_R+1","Strike_R","Strike_R","Strike_R","Defend_R","Defend_R","Defend_R","Bash","Shrug It Off","Perfected Strike+1","Disarm+1","Shrug It Off","Feel No Pain","Seeing Red+1","Body Slam","Dark Embrace"],"relics":["Burning Blood","Smiling Mask","Pen Nib","Akabeko","Mummified Hand","Omamori"],"potions_floor_usage":[13,16],"damage_taken":[{"damage":3,"enemies":"2 Louse","floor":1,"turns":3},{"damage":4,"enemies":"Cultist","floor":3,"turns":4},{"damage":0,"enemies":"Small Slimes","floor":5,"turns":3},{"damage":6,"enemies":"Looter","floor":8,"turns":3},{"damage":8,"enemies":"Gremlin Nob","floor":10,"turns":3},{"damage":7,"enemies":"3 Sentries","floor":13,"turns":7},{"damage":12,"enemies":"Lots of Slimes","floor":14,"turns":5},{"damage":59,"enemies":"Slime Boss","floor":16,"turns":11}],"seed_played":"-8863092425140330525","potions_obtained":[{"floor":3,"key":"SpeedPotion"},{"floor":4,"key":"CultistPotion"}],"is_trial":false,"path_per_floor":["M","?","M","?","M","R","$","M","T","E","?","?","E","M","R","B"],"character_chosen":"IRONCLAD","items_purchased":["Shrug It Off"],"campfire_rested":1,"item_purchase_floors":[7],"current_hp_per_floor":[71,45,47,47,53,53,53,53,53,51,28,28,27,21,43,0],"gold":163,"neow_bonus":"RANDOM_COMMON_RELIC","is_prod":false,"is_daily":false,"chose_seed":false,"campfire_upgraded":1,"win_rate":0,"timestamp":1647294282,"path_taken":["M","?","M","?","M","R","$","?","T","E","?","?","E","M","R","BOSS"],"build_version":"2022-03-07","purchased_purges":1,"victory":false,"max_hp_per_floor":[75,75,75,75,75,75,75,75,75,75,75,75,75,75,75,75],"card_choices":[{"not_picked":["Cleave","Reckless Charge"],"picked":"Shrug It Off","floor":1},{"not_picked":["Wild Strike","Shrug It Off"],"picked":"Perfected Strike","floor":3},{"not_picked":["Thunderclap","Fire Breathing"],"picked":"Disarm","floor":5},{"not_picked":["Flex","Seeing Red"],"picked":"Feel No Pain","floor":8},{"not_picked":["Power Through","Clothesline"],"picked":"Seeing Red","floor":10},{"not_picked":["Twin Strike","Shrug It Off"],"picked":"Body Slam","floor":13},{"not_picked":["Warcry","Wild Strike"],"picked":"Dark Embrace","floor":14}],"player_experience":1828625,"relics_obtained":[{"floor":9,"key":"Akabeko"},{"floor":10,"key":"Mummified Hand"},{"floor":13,"key":"Omamori"}],"event_choices":[{"damage_healed":0,"gold_gain":0,"player_choice":"Success","damage_taken":26,"relics_obtained":["Pen Nib"],"max_hp_gain":0,"max_hp_loss":0,"event_name":"Scrap Ooze","floor":2,"gold_loss":0},{"damage_healed":0,"gold_gain":0,"player_choice":"Bought 1 Potion","damage_taken":0,"max_hp_gain":0,"max_hp_loss":0,"event_name":"The Woman in Blue","floor":4,"gold_loss":0},{"damage_healed":0,"gold_gain":0,"player_choice":"Entered Light","damage_taken":23,"max_hp_gain":0,"max_hp_loss":0,"event_name":"Shining Light","floor":11,"gold_loss":0,"cards_upgraded":["Seeing Red","Strike_R"]},{"damage_healed":0,"gold_gain":0,"player_choice":"Grow","damage_taken":0,"max_hp_gain":0,"max_hp_loss":0,"event_name":"Living Wall","floor":12,"gold_loss":0,"cards_upgraded":["Disarm"]}],"is_beta":false,"boss_relics":[],"items_purged_floors":[7],"is_endless":false,"potions_floor_spawned":[3,8],"killed_by":"Slime Boss","ascension_level":20}