{"gold_per_floor":[119,119,137,137,161,200,200,238,261,261,282,305,325,80,80,173,173,192,210,125,148,61,61,61],"floor_reached":24,"playtime":686,"items_purged":[],"score":416,"play_id":"50ce20e0-f829-4b9f-8363-633896266f68","local_time":"20220325002651","is_ascension_mode":true,"campfire_choices":[{"floor":7,"key":"REST"},{"floor":10,"key":"REST"},{"floor":15,"key":"REST"},{"floor":23,"key":"REST"}],"neow_cost":"NONE","seed_source_timestamp":787207586447700,"circlet_count":0,"master_deck":["AscendersBane","Strike_R+1","Strike_R","Strike_R","Strike_R","Strike_R+1","Defend_R","Defend_R","Defend_R+1","Defend_R+1","Bash","Perfected Strike","Wild Strike","Intimidate","Fire Breathing+1","Bludgeon","Shrug It Off","Metallicize+1","Perfected Strike","Demon Form+1","Pummel","Pommel Strike","Fire Breathing+1"],"relics":["Black Star","Golden Idol","War Paint","Strawberry","Frozen Egg 2","Dream Catcher","Omamori","Whetstone","Mark of Pain","Oddly Smooth Stone"],"potions_floor_usage":[8,8,13,16,16,18,24,24],"damage_taken":[{"damage":7,"enemies":"Jaw Worm","floor":1,"turns":3},{"damage":10,"enemies":"Small Slimes","floor":3,"turns":3},{"damage":6,"enemies":"2 Louse","floor":5,"turns":3},{"damage":35,"enemies":"Lagavulin","floor":6,"turns":7},{"damage":10,"enemies":"3 Sentries","floor":8,"turns":5},{"damage":8,"enemies":"Blue Slaver","floor":11,"turns":4},{"damage":16,"enemies":"Exordium Wildlife","floor":12,"turns":4},{"damage":18,"enemies":"Lots of Slimes","floor":13,"turns":4},{"damage":19,"enemies":"Hexaghost","floor":16,"turns":9},{"damage":0,"enemies":"Chosen","floor":18,"turns":2},{"damage":24,"enemies":"Shell Parasite","floor":19,"turns":5},{"damage":32,"enemies":"Centurion and Healer","floor":21,"turns":6},{"damage":48,"enemies":"Book of Stabbing","floor":24,"turns":5}],"seed_played":"-1546909384830052181","potions_obtained":[{"floor":1,"key":"Explosive Potion"},{"floor":5,"key":"Fire Potion"},{"floor":11,"key":"Fire Potion"},{"floor":12,"key":"LiquidMemories"},{"floor":13,"key":"SkillPotion"},{"floor":16,"key":"DistilledChaos"},{"floor":18,"key":"BloodPotion"},{"floor":21,"key":"Fire Potion"}],"is_trial":false,"path_per_floor":["M","?","M","?","M","E","R","E","T","R","M","M","M","$","R","B",null,"M","M","?","M","$","R","E"],"character_chosen":"IRONCLAD","items_purchased":["Whetstone","Metallicize+1","Fire Breathing+1"],"campfire_rested":4,"item_purchase_floors":[14,14,22],"current_hp_per_floor":[61,61,51,44,38,10,34,24,24,48,40,24,6,6,30,11,64,64,40,40,8,8,32,0],"gold":61,"neow_bonus":"BOSS_RELIC","is_prod":false,"is_daily":false,"chose_seed":false,"campfire_upgraded":0,"win_rate":0,"timestamp":1648164411,"path_taken":["M","?","M","?","M","E","R","E","T","R","M","M","M","$","R","BOSS","M","M","?","M","$","R","E"],"build_version":"2022-03-07","purchased_purges":0,"victory":false,"max_hp_per_floor":[75,75,75,75,75,82,82,82,82,82,82,82,82,82,82,82,82,82,82,82,82,82,82,82],"card_choices":[{"not_picked":["Seeing Red","Headbutt"],"picked":"Perfected Strike","floor":1},{"not_picked":["Infernal Blade","Blood for Blood","True Grit"],"picked":"SKIP","floor":3},{"not_picked":["Intimidate","Heavy Blade"],"picked":"Wild Strike","floor":5},{"not_picked":["Evolve","Dual Wield","True Grit"],"picked":"SKIP","floor":6},{"not_picked":["Whirlwind","Seeing Red"],"picked":"Intimidate","floor":8},{"not_picked":["Carnage","Rage"],"picked":"Fire Breathing+1","floor":11},{"not_picked":["Havoc","Twin Strike"],"picked":"Bludgeon","floor":12},{"not_picked":["Bloodletting","Battle Trance"],"picked":"Shrug It Off","floor":13},{"not_picked":["Armaments","Body Slam"],"picked":"Perfected Strike","floor":15},{"not_picked":["Feed","Fiend Fire"],"picked":"Demon Form+1","floor":16},{"not_picked":["Spot Weakness","Clothesline"],"picked":"Pummel","floor":18},{"not_picked":["Wild Strike","Thunderclap"],"picked":"Pommel Strike","floor":19},{"not_picked":["Rupture+1","Anger","Rampage"],"picked":"SKIP","floor":21}],"player_experience":1842638,"relics_obtained":[{"floor":6,"key":"War Paint"},{"floor":6,"key":"Strawberry"},{"floor":8,"key":"Frozen Egg 2"},{"floor":8,"key":"Dream Catcher"},{"floor":9,"key":"Omamori"}],"event_choices":[{"damage_healed":0,"gold_gain":0,"player_choice":"Take Wound","damage_taken":0,"relics_obtained":["Golden Idol"],"max_hp_gain":0,"max_hp_loss":0,"event_name":"Golden Idol","floor":2,"gold_loss":0,"cards_obtained":["Injury"]},{"cards_removed":["Injury"],"damage_healed":0,"gold_gain":0,"player_choice":"Card Removal","damage_taken":7,"max_hp_gain":0,"max_hp_loss":0,"event_name":"Golden Wing","floor":4,"gold_loss":0},{"damage_healed":0,"gold_gain":0,"player_choice":"Obtained Relic","damage_taken":0,"relics_obtained":["Oddly Smooth Stone"],"max_hp_gain":0,"max_hp_loss":0,"event_name":"Addict","floor":20,"gold_loss":85}],"is_beta":false,"boss_relics":[{"not_picked":["Empty Cage","Coffee Dripper"],"picked":"Mark of Pain"}],"items_purged_floors":[],"is_endless":false,"potions_floor_spawned":[1,5,11,12,13,16,18,21],"killed_by":"Book of Stabbing","ascension_level":20}