{"gold_per_floor":[118,118,118,129,129,161,161,179,179,179,205,13,43,53,53,125,125,145,145,145,102,102,102],"floor_reached":23,"playtime":572,"items_purged":["Regret"],"score":585,"play_id":"752d57d0-4f06-4eab-b925-1dd68475e262","local_time":"20220324220521","is_ascension_mode":true,"campfire_choices":[{"data":"Fire Breathing","floor":7,"key":"SMITH"},{"data":"Body Slam","floor":15,"key":"SMITH"}],"neow_cost":"NONE","seed_source_timestamp":778831775701500,"circlet_count":0,"master_deck":["AscendersBane","Strike_R+1","Strike_R+1","Strike_R+1","Strike_R+1","Defend_R+1","Defend_R+1","Defend_R+1","Bash","Perfected Strike+1","Fire Breathing+1","Shrug It Off","Body Slam+1","True Grit","Brutality","Body Slam","Necronomicurse"],"relics":["Burning Blood","NeowsBlessing","Oddly Smooth Stone","Mango","Kunai","The Courier","Happy Flower","Juzu Bracelet","Regal Pillow","Strawberry","Empty Cage","Necronomicon"],"potions_floor_usage":[11,16,16,23],"damage_taken":[{"damage":0,"enemies":"2 Louse","floor":1,"turns":2},{"damage":0,"enemies":"Jaw Worm","floor":4,"turns":1},{"damage":0,"enemies":"3 Sentries","floor":6,"turns":2},{"damage":0,"enemies":"Cultist","floor":8,"turns":3},{"damage":26,"enemies":"Lagavulin","floor":11,"turns":7},{"damage":12,"enemies":"3 Sentries","floor":13,"turns":4},{"damage":1,"enemies":"2 Fungi Beasts","floor":14,"turns":4},{"damage":0,"enemies":"Slime Boss","floor":16,"turns":5},{"damage":33,"enemies":"Spheric Guardian","floor":18,"turns":10},{"damage":68,"enemies":"Gremlin Leader","floor":23,"turns":4}],"seed_played":"858415462495489976","potions_obtained":[{"floor":1,"key":"BlessingOfTheForge"},{"floor":8,"key":"Swift Potion"},{"floor":11,"key":"FearPotion"},{"floor":18,"key":"LiquidBronze"}],"is_trial":false,"path_per_floor":["M","?","?","M","T","E","R","M","T","?","E","$","E","M","R","B",null,"M","?","?","$","?","E"],"character_chosen":"IRONCLAD","items_purchased":["Regal Pillow","BloodPotion"],"campfire_rested":0,"item_purchase_floors":[12,21],"current_hp_per_floor":[74,74,56,62,76,82,82,88,88,88,68,68,69,74,74,80,92,65,65,65,65,44,0],"gold":102,"neow_bonus":"THREE_ENEMY_KILL","is_prod":false,"is_daily":false,"chose_seed":false,"campfire_upgraded":2,"win_rate":0,"timestamp":1648155921,"path_taken":["M","?","?","M","?","E","R","?","T","?","E","$","E","M","R","BOSS","M","?","?","$","?","E"],"build_version":"2022-03-07","purchased_purges":1,"victory":false,"max_hp_per_floor":[75,75,75,75,89,89,89,89,89,89,89,89,96,96,96,96,96,96,96,96,96,96,96],"card_choices":[{"not_picked":["Feel No Pain","Heavy Blade"],"picked":"Perfected Strike","floor":1},{"not_picked":["Twin Strike","Anger"],"picked":"Fire Breathing","floor":4},{"not_picked":["Power Through","Juggernaut"],"picked":"Shrug It Off","floor":6},{"not_picked":["Flex","Perfected Strike"],"picked":"Body Slam","floor":8},{"not_picked":["Sever Soul","Flex","Entrench"],"picked":"SKIP","floor":11},{"not_picked":["Sentinel","Wild Strike"],"picked":"True Grit","floor":13},{"not_picked":["Cleave","Body Slam","Seeing Red"],"picked":"SKIP","floor":14},{"not_picked":["Fiend Fire","Corruption"],"picked":"Brutality","floor":16},{"not_picked":["Havoc","Anger"],"picked":"Body Slam","floor":18}],"player_experience":1840592,"relics_obtained":[{"floor":5,"key":"Mango"},{"floor":6,"key":"Kunai"},{"floor":9,"key":"The Courier"},{"floor":11,"key":"Juzu Bracelet"},{"floor":13,"key":"Strawberry"},{"floor":22,"key":"Necronomicon"}],"event_choices":[{"damage_healed":0,"gold_gain":0,"player_choice":"Grow","damage_taken":0,"max_hp_gain":0,"max_hp_loss":0,"event_name":"Living Wall","floor":2,"gold_loss":0,"cards_upgraded":["Perfected Strike"]},{"damage_healed":0,"gold_gain":0,"player_choice":"Success","damage_taken":18,"relics_obtained":["Oddly Smooth Stone"],"max_hp_gain":0,"max_hp_loss":0,"event_name":"Scrap Ooze","floor":3,"gold_loss":0},{"damage_healed":0,"gold_gain":0,"player_choice":"Box","damage_taken":0,"relics_obtained":["Happy Flower"],"max_hp_gain":0,"max_hp_loss":0,"event_name":"Big Fish","floor":10,"gold_loss":0,"cards_obtained":["Regret"]},{"damage_healed":0,"gold_gain":0,"player_choice":"Ignored","damage_taken":0,"max_hp_gain":0,"max_hp_loss":0,"event_name":"Ghosts","floor":19,"gold_loss":0},{"damage_healed":0,"gold_gain":0,"player_choice":"Simplicity","damage_taken":0,"max_hp_gain":0,"max_hp_loss":0,"event_name":"Back to Basics","floor":20,"gold_loss":0,"cards_upgraded":["Strike_R","Strike_R","Strike_R","Strike_R","Defend_R","Defend_R","Defend_R"]},{"damage_healed":0,"gold_gain":0,"player_choice":"Obtained Book","damage_taken":21,"max_hp_gain":0,"max_hp_loss":0,"event_name":"Cursed Tome","floor":22,"gold_loss":0}],"is_beta":false,"boss_relics":[{"not_picked":["Coffee Dripper","Runic Pyramid"],"picked":"Empty Cage"}],"items_purged_floors":[12],"is_endless":false,"potions_floor_spawned":[1,8,11,18],"killed_by":"Gremlin Leader","ascension_level":20}