{"gold_per_floor":[117,42,14,164,89,116,9,84,84,99,99,133,149,175,175,175],"floor_reached":16,"playtime":489,"items_purged":["Doubt"],"score":212,"play_id":"893a69c9-29ad-4256-83c2-9bfafd8adfaf","local_time":"20220324221338","is_ascension_mode":true,"campfire_choices":[{"floor":11,"key":"REST"},{"data":"Disarm","floor":15,"key":"SMITH"}],"neow_cost":"PERCENT_DAMAGE","seed_source_timestamp":779412373306800,"circlet_count":0,"master_deck":["AscendersBane","Strike_R","Strike_R","Strike_R","Strike_R","Defend_R","Defend_R","Defend_R","Defend_R+1","Bash","Whirlwind","Sword Boomerang","Disarm+1","Flash of Steel","Rage+1"],"relics":["Burning Blood","Bag of Preparation","Orichalcum","War Paint","Tiny Chest"],"potions_floor_usage":[6,16],"damage_taken":[{"damage":9,"enemies":"Jaw Worm","floor":1,"turns":5},{"damage":42,"enemies":"Gremlin Nob","floor":6,"turns":5},{"damage":6,"enemies":"2 Louse","floor":10,"turns":4},{"damage":34,"enemies":"3 Sentries","floor":12,"turns":9},{"damage":0,"enemies":"Small Slimes","floor":13,"turns":3},{"damage":18,"enemies":"Hexaghost","floor":16,"turns":10}],"seed_played":"-4024430451525563593","potions_obtained":[{"floor":1,"key":"Weak Potion"},{"floor":13,"key":"ColorlessPotion"}],"is_trial":false,"path_per_floor":["M","?","$","?","$","E","$","?","T","M","R","E","M","T","R","B"],"character_chosen":"IRONCLAD","items_purchased":["Sword Boomerang","Flash of Steel"],"campfire_rested":1,"item_purchase_floors":[3,7],"current_hp_per_floor":[61,61,61,61,61,25,25,14,14,14,40,12,18,18,18,0],"gold":175,"neow_bonus":"TWENTY_PERCENT_HP_BONUS","is_prod":false,"is_daily":false,"chose_seed":false,"campfire_upgraded":1,"win_rate":0,"timestamp":1648156418,"path_taken":["M","?","$","?","$","E","?","?","T","M","R","E","M","?","R","BOSS"],"build_version":"2022-03-07","purchased_purges":1,"victory":false,"max_hp_per_floor":[89,89,89,89,89,89,89,89,89,89,89,89,89,89,89,89],"card_choices":[{"not_picked":["Cleave","Thunderclap"],"picked":"Whirlwind","floor":1},{"not_picked":["Flame Barrier","Dual Wield"],"picked":"Disarm","floor":6},{"not_picked":["Shockwave","Whirlwind"],"picked":"Rage","floor":10},{"not_picked":["Iron Wave","Headbutt","Power Through"],"picked":"SKIP","floor":12},{"not_picked":["Sentinel","Clothesline","Flex"],"picked":"SKIP","floor":13}],"player_experience":1841164,"relics_obtained":[{"floor":6,"key":"Bag of Preparation"},{"floor":9,"key":"Orichalcum"},{"floor":12,"key":"War Paint"},{"floor":14,"key":"Tiny Chest"}],"event_choices":[{"cards_removed":["Strike_R"],"damage_healed":0,"gold_gain":0,"player_choice":"Card Removal","damage_taken":0,"max_hp_gain":0,"max_hp_loss":0,"event_name":"The Cleric","floor":2,"gold_loss":75},{"damage_healed":0,"gold_gain":150,"player_choice":"AGREE","damage_taken":0,"max_hp_gain":0,"max_hp_loss":0,"event_name":"Liars Game","floor":4,"gold_loss":0,"cards_obtained":["Doubt"]},{"damage_healed":0,"gold_gain":75,"player_choice":"Gather Gold","damage_taken":11,"max_hp_gain":0,"max_hp_loss":0,"event_name":"World of Goop","floor":8,"gold_loss":0}],"is_beta":false,"boss_relics":[],"items_purged_floors":[5],"is_endless":false,"potions_floor_spawned":[1,13],"killed_by":"Hexaghost","ascension_level":20}