{"gold_per_floor":[114,132,132,132,146,174,191,218,263,263,1,1],"floor_reached":12,"playtime":361,"items_purged":[],"score":176,"play_id":"1242e6ff-b8f1-41ae-8810-0e1d844d4e82","local_time":"20220410074231","is_ascension_mode":true,"campfire_choices":[],"neow_cost":"TEN_PERCENT_HP_LOSS","seed_source_timestamp":65192475859500,"circlet_count":0,"master_deck":["AscendersBane","Strike_R","Strike_R","Strike_R","Strike_R","Defend_R","Defend_R","Defend_R","Defend_R","Bash","Juggernaut","Feel No Pain","Seeing Red","Shrug It Off","True Grit","Injury"],"relics":["Burning Blood","Centennial Puzzle","Strawberry","Sundial","Toy Ornithopter","Golden Idol","Mummified Hand"],"potions_floor_usage":[7,8,12],"damage_taken":[{"damage":4,"enemies":"2 Louse","floor":1,"turns":3},{"damage":11,"enemies":"Jaw Worm","floor":2,"turns":5},{"damage":1,"enemies":"Cultist","floor":5,"turns":3},{"damage":8,"enemies":"3 Sentries","floor":6,"turns":7},{"damage":14,"enemies":"Large Slime","floor":7,"turns":6},{"damage":65,"enemies":"Gremlin Nob","floor":8,"turns":6},{"damage":20,"enemies":"Lagavulin","floor":12,"turns":6}],"seed_played":"-3172597330523175618","potions_obtained":[{"floor":2,"key":"BloodPotion"},{"floor":5,"key":"Fire Potion"},{"floor":8,"key":"Weak Potion"}],"is_trial":false,"path_per_floor":["M","M","?","T","M","E","M","E","T","?","$","E"],"character_chosen":"IRONCLAD","items_purchased":["Mummified Hand"],"campfire_rested":0,"item_purchase_floors":[11],"current_hp_per_floor":[68,63,56,56,61,66,58,14,14,14,14,0],"gold":1,"neow_bonus":"THREE_RARE_CARDS","is_prod":false,"is_daily":false,"chose_seed":false,"campfire_upgraded":0,"win_rate":0,"timestamp":1649569351,"path_taken":["M","M","?","?","?","E","M","E","T","?","$","E"],"build_version":"2022-03-07","purchased_purges":0,"victory":false,"max_hp_per_floor":[68,68,68,68,68,75,75,75,75,75,75,75],"card_choices":[{"not_picked":["Berserk","Reaper"],"picked":"Juggernaut","floor":0},{"not_picked":["Twin Strike","Headbutt"],"picked":"Feel No Pain","floor":1},{"not_picked":["Power Through","Rampage"],"picked":"Seeing Red","floor":2},{"not_picked":["Cleave","Anger"],"picked":"Shrug It Off","floor":5},{"not_picked":["Sword Boomerang","Iron Wave","Clothesline"],"picked":"SKIP","floor":6},{"not_picked":["Anger","Pommel Strike"],"picked":"True Grit","floor":7},{"not_picked":["Immolate","Demon Form","Heavy Blade"],"picked":"SKIP","floor":8}],"player_experience":1863627,"relics_obtained":[{"floor":4,"key":"Centennial Puzzle"},{"floor":6,"key":"Strawberry"},{"floor":8,"key":"Sundial"},{"floor":9,"key":"Toy Ornithopter"}],"event_choices":[{"cards_removed":["Strike_R"],"damage_healed":0,"gold_gain":0,"player_choice":"Card Removal","damage_taken":7,"max_hp_gain":0,"max_hp_loss":0,"event_name":"Golden Wing","floor":3,"gold_loss":0},{"damage_healed":0,"gold_gain":0,"player_choice":"Take Wound","damage_taken":0,"relics_obtained":["Golden Idol"],"max_hp_gain":0,"max_hp_loss":0,"event_name":"Golden Idol","floor":10,"gold_loss":0,"cards_obtained":["Injury"]}],"is_beta":false,"boss_relics":[],"items_purged_floors":[],"is_endless":false,"potions_floor_spawned":[2,5,6,8],"killed_by":"Lagavulin","ascension_level":20}