{"gold_per_floor":[115,125,125,200,200,200,243,243,243,283,47,67,83,104,104,104],"floor_reached":16,"playtime":632,"items_purged":["Injury"],"score":220,"play_id":"60883c52-b9e0-460e-a03c-eea05dab826f","local_time":"20220407223733","is_ascension_mode":true,"campfire_choices":[{"data":"Body Slam","floor":6,"key":"SMITH"},{"floor":8,"key":"REST"},{"floor":15,"key":"REST"}],"neow_cost":"NONE","seed_source_timestamp":94270862543800,"circlet_count":0,"master_deck":["AscendersBane","Strike_R","Strike_R","Strike_R","Strike_R","Strike_R","Defend_R","Defend_R","Defend_R","Defend_R","Bash","CurseOfTheBell","Body Slam+1","Flame Barrier","Evolve+1","Feed","Rage","Armaments"],"relics":["Calling Bell","Lantern","White Beast Statue","Pocketwatch","Golden Idol","Sundial","Frozen Egg 2","Orichalcum","Lizard Tail","Tiny Chest"],"potions_floor_usage":[7,14,16,16],"damage_taken":[{"damage":6,"enemies":"2 Louse","floor":1,"turns":3},{"damage":4,"enemies":"Jaw Worm","floor":2,"turns":4},{"damage":18,"enemies":"Lagavulin","floor":7,"turns":6},{"damage":34,"enemies":"3 Sentries","floor":10,"turns":11},{"damage":0,"enemies":"Cultist","floor":12,"turns":3},{"damage":5,"enemies":"Exordium Thugs","floor":13,"turns":4},{"damage":7,"enemies":"Blue Slaver","floor":14,"turns":4},{"damage":79,"enemies":"Hexaghost","floor":16,"turns":12}],"seed_played":"1986306984645295441","potions_obtained":[{"floor":1,"key":"Ancient Potion"},{"floor":2,"key":"DistilledChaos"},{"floor":7,"key":"FearPotion"},{"floor":10,"key":"Block Potion"},{"floor":14,"key":"ElixirPotion"}],"is_trial":false,"path_per_floor":["M","M","?","?","?","R","E","R","T","E","$","M","M","M","R","B"],"character_chosen":"IRONCLAD","items_purchased":["Tiny Chest"],"campfire_rested":2,"item_purchase_floors":[11],"current_hp_per_floor":[62,58,58,47,42,42,24,46,46,12,12,15,10,6,30,0],"gold":104,"neow_bonus":"BOSS_RELIC","is_prod":false,"is_daily":false,"chose_seed":false,"campfire_upgraded":1,"win_rate":0,"timestamp":1649363853,"path_taken":["M","M","?","?","?","R","E","R","T","E","$","?","M","M","R","BOSS"],"build_version":"2022-03-07","purchased_purges":1,"victory":false,"max_hp_per_floor":[75,75,75,75,75,75,75,75,75,75,75,78,78,81,81,81],"card_choices":[{"not_picked":["Flex","Pummel"],"picked":"Body Slam","floor":1},{"not_picked":["Anger","Warcry"],"picked":"Flame Barrier","floor":2},{"not_picked":["Rampage","Power Through"],"picked":"Evolve+1","floor":7},{"not_picked":["Searing Blow","Shrug It Off"],"picked":"Feed","floor":10},{"not_picked":["Evolve+1","Hemokinesis","Perfected Strike"],"picked":"SKIP","floor":12},{"not_picked":["Twin Strike","Spot Weakness"],"picked":"Rage","floor":13},{"not_picked":["Pommel Strike","Double Tap"],"picked":"Armaments","floor":14}],"player_experience":1858281,"relics_obtained":[{"floor":0,"key":"Lantern"},{"floor":0,"key":"White Beast Statue"},{"floor":0,"key":"Pocketwatch"},{"floor":7,"key":"Frozen Egg 2"},{"floor":9,"key":"Orichalcum"},{"floor":10,"key":"Lizard Tail"}],"event_choices":[{"damage_healed":0,"gold_gain":0,"player_choice":"Take Wound","damage_taken":0,"relics_obtained":["Golden Idol"],"max_hp_gain":0,"max_hp_loss":0,"event_name":"Golden Idol","floor":3,"gold_loss":0,"cards_obtained":["Injury"]},{"damage_healed":0,"gold_gain":75,"player_choice":"Gather Gold","damage_taken":11,"max_hp_gain":0,"max_hp_loss":0,"event_name":"World of Goop","floor":4,"gold_loss":0},{"damage_healed":0,"gold_gain":0,"player_choice":"Success","damage_taken":5,"relics_obtained":["Sundial"],"max_hp_gain":0,"max_hp_loss":0,"event_name":"Scrap Ooze","floor":5,"gold_loss":0}],"is_beta":false,"boss_relics":[],"items_purged_floors":[11],"is_endless":false,"potions_floor_spawned":[1,2,7,10,12,13,14],"killed_by":"Hexaghost","ascension_level":20}