{"gold_per_floor":[109,109,23,23,173,207,219,31,56,67,82,115,115,142,142,142],"floor_reached":16,"playtime":273,"items_purged":["Doubt"],"score":282,"play_id":"698b6994-6b00-4fb0-b41d-aad4453ae261","local_time":"20220410073621","is_ascension_mode":true,"campfire_choices":[{"data":"Perfected Strike","floor":7,"key":"SMITH"},{"data":"Ghostly Armor","floor":13,"key":"SMITH"},{"data":"Bash","floor":15,"key":"SMITH"}],"neow_cost":"NONE","seed_source_timestamp":64910618284400,"circlet_count":0,"master_deck":["AscendersBane","Strike_R","Strike_R","Strike_R+1","Strike_R","Strike_R","Defend_R","Defend_R","Defend_R+1","Defend_R","Bash+1","Perfected Strike+1","Immolate+1","Shrug It Off","Ghostly Armor+1"],"relics":["Burning Blood","NeowsBlessing","MawBank","Membership Card","Red Skull","Blood Vial","CeramicFish"],"potions_floor_usage":[14,16,16],"damage_taken":[{"damage":0,"enemies":"2 Louse","floor":1,"turns":1},{"damage":0,"enemies":"Lagavulin","floor":6,"turns":1},{"damage":0,"enemies":"Jaw Worm","floor":10,"turns":1},{"damage":6,"enemies":"Small Slimes","floor":11,"turns":2},{"damage":36,"enemies":"Gremlin Nob","floor":12,"turns":4},{"damage":5,"enemies":"3 Sentries","floor":14,"turns":5},{"damage":53,"enemies":"The Guardian","floor":16,"turns":11}],"seed_played":"8598516032166659437","potions_obtained":[{"floor":10,"key":"ColorlessPotion"},{"floor":12,"key":"GamblersBrew"},{"floor":14,"key":"Regen Potion"}],"is_trial":false,"path_per_floor":["M","?","$","?","?","E","R","$","T","M","M","E","R","E","R","B"],"character_chosen":"IRONCLAD","items_purchased":["Immolate","Membership Card"],"campfire_rested":0,"item_purchase_floors":[3,8],"current_hp_per_floor":[74,51,51,51,51,57,57,57,57,63,63,33,33,36,36,0],"gold":142,"neow_bonus":"THREE_ENEMY_KILL","is_prod":false,"is_daily":false,"chose_seed":false,"campfire_upgraded":3,"win_rate":0,"timestamp":1649568981,"path_taken":["M","?","$","?","?","E","R","?","T","M","?","E","R","E","R","BOSS"],"build_version":"2022-03-07","purchased_purges":1,"victory":false,"max_hp_per_floor":[75,75,75,75,75,75,75,75,75,75,75,75,75,75,75,75],"card_choices":[{"not_picked":["Power Through","Clash"],"picked":"Perfected Strike","floor":1},{"not_picked":["Havoc","Clash"],"picked":"Shrug It Off","floor":6},{"not_picked":["Body Slam","Havoc"],"picked":"Ghostly Armor","floor":10},{"not_picked":["Dual Wield","Havoc","Clothesline"],"picked":"SKIP","floor":11},{"not_picked":["Iron Wave","Rampage","Flame Barrier"],"picked":"SKIP","floor":12},{"not_picked":["Anger","Burning Pact","Armaments"],"picked":"SKIP","floor":14}],"player_experience":1863354,"relics_obtained":[{"floor":6,"key":"MawBank"},{"floor":9,"key":"Red Skull"},{"floor":12,"key":"Blood Vial"},{"floor":14,"key":"CeramicFish"}],"event_choices":[{"damage_healed":0,"gold_gain":0,"player_choice":"Entered Light","damage_taken":23,"max_hp_gain":0,"max_hp_loss":0,"event_name":"Shining Light","floor":2,"gold_loss":0,"cards_upgraded":["Strike_R","Defend_R"]},{"damage_healed":0,"gold_gain":0,"player_choice":"Grow","damage_taken":0,"max_hp_gain":0,"max_hp_loss":0,"event_name":"Living Wall","floor":4,"gold_loss":0,"cards_upgraded":["Immolate"]},{"damage_healed":0,"gold_gain":150,"player_choice":"AGREE","damage_taken":0,"max_hp_gain":0,"max_hp_loss":0,"event_name":"Liars Game","floor":5,"gold_loss":0,"cards_obtained":["Doubt"]}],"is_beta":false,"boss_relics":[],"items_purged_floors":[8],"is_endless":false,"potions_floor_spawned":[10,12,14],"killed_by":"The Guardian","ascension_level":20}