{"gold_per_floor":[110,110,127,402,0,32,32,67,67,95,111,111,111,124,124,213,213,228,228,19,69,87,87,123,123,146,164,182,182,215,236,236,340,340,354,687,712,721,739,739,773,773,841,841,850,850,875,344,344,344,344,344,344,19,58,58],"floor_reached":57,"playtime":5110,"items_purged":["Regret","Injury","Pain"],"score":2943,"play_id":"5c3ebfd4-0143-4f72-828b-4d73c57d16b8","local_time":"20220412001625","is_ascension_mode":true,"campfire_choices":[{"data":"Inflame","floor":7.0,"key":"SMITH"},{"floor":13.0,"key":"REST"},{"data":"Shockwave","floor":15,"key":"SMITH"},{"data":"Corruption","floor":23,"key":"SMITH"},{"data":"Armaments","floor":25,"key":"SMITH"},{"data":"Feel No Pain","floor":29,"key":"SMITH"},{"data":"Infernal Blade","floor":32,"key":"SMITH"},{"data":"Limit Break","floor":40,"key":"SMITH"},{"floor":42,"key":"RECALL"},{"data":"Corruption","floor":46,"key":"SMITH"},{"data":"Sentinel","floor":49,"key":"SMITH"},{"data":"Shrug It Off","floor":53,"key":"SMITH"}],"neow_cost":"NONE","seed_source_timestamp":0,"circlet_count":0,"master_deck":["AscendersBane","Strike_R","Strike_R+1","Strike_R","Defend_R","Defend_R","Defend_R","Defend_R","Bash","Shockwave+1","Inflame+1","Clash","Evolve","Shrug It Off+1","Reaper+1","Corruption+1","Infernal Blade+1","Armaments+1","Sentinel+1","Feel No Pain+1","Limit Break+1","Combust","Corruption+1","Seeing Red+1","Enlightenment+1","Transmutation+1","Seeing Red+1"],"special_seed":0,"relics":["Burning Blood","NeowsBlessing","Membership Card","Oddly Smooth Stone","Toy Ornithopter","Bird Faced Urn","Kunai","Dead Branch","Bronze Scales","Cursed Key","Omamori","Medical Kit","Regal Pillow","Happy Flower","CeramicFish","Snecko Eye","Mango","MealTicket","Toxic Egg 2","Charon\u0027s Ashes","FossilizedHelix","Lizard Tail","Whetstone","TheAbacus","Blood Vial"],"potions_floor_usage":[16,56],"damage_taken":[{"damage":0.0,"enemies":"Small Slimes","floor":1.0,"turns":1.0},{"damage":0.0,"enemies":"Cultist","floor":3.0,"turns":1.0},{"damage":0.0,"enemies":"Lagavulin","floor":6.0,"turns":1.0},{"damage":56.0,"enemies":"Gremlin Nob","floor":8.0,"turns":6.0},{"damage":8.0,"enemies":"Lagavulin","floor":10.0,"turns":7.0},{"damage":9.0,"enemies":"Jaw Worm","floor":11.0,"turns":2.0},{"damage":23.0,"enemies":"Large Slime","floor":14.0,"turns":6.0},{"damage":54,"enemies":"Hexaghost","floor":16,"turns":11},{"damage":0,"enemies":"3 Byrds","floor":18,"turns":3},{"damage":11,"enemies":"Shell Parasite","floor":22,"turns":4},{"damage":28,"enemies":"Book of Stabbing","floor":24,"turns":5},{"damage":5,"enemies":"Snecko","floor":27,"turns":5},{"damage":24,"enemies":"Centurion and Healer","floor":28,"turns":6},{"damage":0,"enemies":"Slavers","floor":30,"turns":4},{"damage":9,"enemies":"Chosen and Byrds","floor":31,"turns":3},{"damage":22,"enemies":"Collector","floor":33,"turns":3},{"damage":1,"enemies":"Orb Walker","floor":35,"turns":2},{"damage":3,"enemies":"Mind Bloom Boss Battle","floor":37,"turns":4},{"damage":5,"enemies":"3 Darklings","floor":39,"turns":3},{"damage":9,"enemies":"Giant Head","floor":41,"turns":3},{"damage":54,"enemies":"4 Shapes","floor":47,"turns":3},{"damage":0,"enemies":"Donu and Deca","floor":50,"turns":4},{"damage":32,"enemies":"Time Eater","floor":51,"turns":8},{"damage":11,"enemies":"Shield and Spear","floor":55,"turns":3},{"damage":108,"enemies":"The Heart","floor":56,"turns":9}],"seed_played":"6027988022621505019","potions_obtained":[{"floor":3.0,"key":"Weak Potion"},{"floor":6.0,"key":"Dexterity Potion"},{"floor":16,"key":"PowerPotion"},{"floor":18,"key":"BlessingOfTheForge"},{"floor":22,"key":"Energy Potion"},{"floor":41,"key":"AttackPotion"}],"is_trial":false,"path_per_floor":["M","?","M","?","$","E","R","E","T","E","M","?","R","M","R","B",null,"M","?","$","?","M","R","E","R","T","M","M","R","E","M","R","B",null,"M","?","?","?","M","R","E","R","T","?","T","R","M","$","R","B","B",null,"R","$","E","B",null],"character_chosen":"IRONCLAD","items_purchased":["Membership Card","Oddly Smooth Stone","Toy Ornithopter","Clash","Omamori","Medical Kit","Charon\u0027s Ashes","FossilizedHelix","Enlightenment+1","Transmutation+1","Lizard Tail","Whetstone","TheAbacus"],"campfire_rested":1,"item_purchase_floors":[5,5,5,5,20,20,48,48,48,48,54,54,54],"current_hp_per_floor":[74,67,73,73,73,75,75,27,27,31,30,30,52,54,54,33,65,75,75,75,75,72,72,75,75,75,75,70,70,75,74,74,75,75,75,75,89,89,89,89,89,89,89,89,89,89,75,89,89,89,65,83,83,89,84,22],"gold":58,"neow_bonus":"THREE_ENEMY_KILL","is_prod":false,"is_daily":false,"chose_seed":false,"campfire_upgraded":10,"win_rate":0,"timestamp":1649715385,"path_taken":["M","?","M","?","$","E","R","E","T","E","?","?","R","M","R","BOSS","M","?","$","?","M","R","E","R","T","?","M","R","E","M","R","BOSS","M","?","?","?","?","R","E","R","T","?","?","R","M","$","R","BOSS","BOSS","R","$","E","BOSS"],"build_version":"2022-03-07","purchased_purges":3,"victory":true,"max_hp_per_floor":[75,75,75,75,75,75,75,75,75,75,75,75,75,75,75,75,75,75,75,75,75,75,75,75,75,75,75,75,75,75,75,75,75,75,75,75,89,89,89,89,89,89,89,89,89,89,89,89,89,89,89,89,89,89,89,89],"card_choices":[{"not_picked":["Iron Wave","Armaments"],"picked":"Shockwave","floor":1.0},{"not_picked":["Rampage","Combust"],"picked":"Inflame","floor":3.0},{"not_picked":["Double Tap","Rupture"],"picked":"Evolve","floor":6.0},{"not_picked":["Clothesline","Headbutt"],"picked":"Shrug It Off","floor":8.0},{"not_picked":["Sentinel","Armaments"],"picked":"Reaper","floor":10.0},{"not_picked":["Havoc","Headbutt","Sword Boomerang"],"picked":"SKIP","floor":11.0},{"not_picked":["Clothesline","Perfected Strike","Warcry"],"picked":"SKIP","floor":14.0},{"not_picked":["Offering","Bludgeon"],"picked":"Corruption","floor":16},{"not_picked":["Pommel Strike","Sword Boomerang"],"picked":"Infernal Blade","floor":18},{"not_picked":["Thunderclap","Shockwave"],"picked":"Armaments","floor":22},{"not_picked":["Power Through+1","Armaments+1"],"picked":"Sentinel","floor":24},{"not_picked":["Flex","Exhume"],"picked":"Feel No Pain","floor":27},{"not_picked":["Iron Wave+1","Armaments","Sever Soul"],"picked":"SKIP","floor":28},{"not_picked":["Inflame+1","Anger+1","Impervious"],"picked":"SKIP","floor":30},{"not_picked":["Iron Wave+1","Burning Pact","Clothesline+1"],"picked":"SKIP","floor":31},{"not_picked":["Bludgeon","Barricade"],"picked":"Limit Break","floor":33},{"not_picked":["Uppercut","Clash+1","Sword Boomerang+1"],"picked":"SKIP","floor":35},{"not_picked":["Flame Barrier","Flex","Armaments"],"picked":"SKIP","floor":39},{"not_picked":["Sword Boomerang","Clothesline"],"picked":"Corruption","floor":41},{"not_picked":["Whirlwind","Sword Boomerang"],"picked":"Seeing Red+1","floor":47},{"not_picked":["Searing Blow+1","Heavy Blade"],"picked":"Seeing Red+1","floor":55}],"player_experience":1863988,"relics_obtained":[{"floor":6.0,"key":"Bird Faced Urn"},{"floor":8.0,"key":"Kunai"},{"floor":9.0,"key":"Dead Branch"},{"floor":10.0,"key":"Bronze Scales"},{"floor":24,"key":"Regal Pillow"},{"floor":26,"key":"Happy Flower"},{"floor":30,"key":"CeramicFish"},{"floor":37,"key":"Mango"},{"floor":41,"key":"MealTicket"},{"floor":45,"key":"Toxic Egg 2"},{"floor":55,"key":"Blood Vial"}],"event_choices":[{"cards_removed":["Strike_R"],"damage_healed":0.0,"max_hp_gain":0.0,"max_hp_loss":0.0,"gold_gain":0.0,"event_name":"Golden Wing","player_choice":"Card Removal","floor":2.0,"gold_loss":0.0,"damage_taken":7.0},{"damage_healed":0.0,"max_hp_gain":0.0,"max_hp_loss":0.0,"gold_gain":275.0,"event_name":"Golden Shrine","player_choice":"Desecrate","floor":4.0,"gold_loss":0.0,"damage_taken":0.0,"cards_obtained":["Regret"]},{"damage_healed":0.0,"max_hp_gain":0.0,"max_hp_loss":0.0,"gold_gain":0.0,"event_name":"Golden Idol","player_choice":"Take Wound","floor":12.0,"gold_loss":0.0,"damage_taken":0.0,"relics_obtained":["Golden Idol"],"cards_obtained":["Injury"]},{"damage_healed":0,"gold_gain":0,"player_choice":"Ignored","damage_taken":0,"max_hp_gain":0,"max_hp_loss":0,"event_name":"Vampires","floor":19,"gold_loss":0},{"damage_healed":0,"gold_gain":50,"player_choice":"Pray","damage_taken":0,"max_hp_gain":0,"max_hp_loss":0,"event_name":"Golden Shrine","floor":21,"gold_loss":0},{"damage_healed":0,"gold_gain":333,"player_choice":"Gave Idol","damage_taken":0,"max_hp_gain":0,"max_hp_loss":0,"event_name":"The Moai Head","floor":36,"relics_lost":["Golden Idol"],"gold_loss":0},{"damage_healed":0,"gold_gain":0,"player_choice":"Fight","damage_taken":0,"max_hp_gain":0,"max_hp_loss":0,"event_name":"MindBloom","floor":37,"gold_loss":0},{"damage_healed":0,"gold_gain":0,"cards_transformed":["Strike_R"],"player_choice":"Transformed","damage_taken":0,"max_hp_gain":0,"max_hp_loss":0,"event_name":"Transmorgrifier","floor":38,"gold_loss":0,"cards_obtained":["Combust"]},{"damage_healed":0,"gold_gain":0,"player_choice":"Ignored","damage_taken":0,"max_hp_gain":0,"max_hp_loss":0,"event_name":"Tomb of Lord Red Mask","floor":44,"gold_loss":0}],"is_beta":false,"boss_relics":[{"not_picked":["SlaversCollar","Mark of Pain"],"picked":"Cursed Key"},{"not_picked":["Fusion Hammer","Velvet Choker"],"picked":"Snecko Eye"}],"items_purged_floors":[5,20,48],"is_endless":false,"potions_floor_spawned":[3,6,16,18,22,39,41],"ascension_level":20}