{"gold_per_floor":[119,119,132,54,71,71,96,96,96,150,175,250,262,273,273,352,352,363,375,392,39,39,70,70],"floor_reached":24,"playtime":872,"items_purged":[],"score":502,"play_id":"4ee76d22-d9f9-4539-bdc0-93794c9e2952","local_time":"20220406230754","is_ascension_mode":true,"campfire_choices":[{"data":"Whirlwind","floor":6,"key":"SMITH"},{"floor":15,"key":"REST"}],"neow_cost":"NONE","seed_source_timestamp":9451772669500,"circlet_count":0,"master_deck":["AscendersBane","Bash","Shrug It Off","Rupture","Dropkick","Fire Breathing","Feed+1","Shrug It Off","Exhume","Reckless Charge","Disarm","Flame Barrier+1","Inflame","Whirlwind+1","Shrug It Off","Inflame+1","Wild Strike","Offering","Sadistic Nature+1"],"relics":["Pandora\u0027s Box","Ice Cream","StrikeDummy","Frozen Egg 2","Orichalcum","Bag of Marbles","SlaversCollar","Juzu Bracelet","Potion Belt"],"potions_floor_usage":[14,19,23],"damage_taken":[{"damage":10,"enemies":"Small Slimes","floor":1,"turns":4},{"damage":5,"enemies":"2 Louse","floor":3,"turns":4},{"damage":12,"enemies":"Jaw Worm","floor":5,"turns":3},{"damage":16,"enemies":"Lagavulin","floor":7,"turns":6},{"damage":4,"enemies":"3 Sentries","floor":11,"turns":4},{"damage":8,"enemies":"2 Fungi Beasts","floor":13,"turns":3},{"damage":20,"enemies":"Exordium Thugs","floor":14,"turns":4},{"damage":20,"enemies":"Hexaghost","floor":16,"turns":10},{"damage":16,"enemies":"Shell Parasite","floor":18,"turns":7},{"damage":12,"enemies":"2 Thieves","floor":19,"turns":3},{"damage":18,"enemies":"Snake Plant","floor":20,"turns":4},{"damage":36,"enemies":"Book of Stabbing","floor":23,"turns":4},{"damage":27,"enemies":"Chosen and Byrds","floor":24,"turns":3}],"seed_played":"-1746714944151612255","potions_obtained":[{"floor":7,"key":"AttackPotion"},{"floor":11,"key":"GamblersBrew"},{"floor":14,"key":"SkillPotion"},{"floor":18,"key":"FearPotion"},{"floor":19,"key":"FearPotion"},{"floor":20,"key":"SpeedPotion"}],"is_trial":false,"path_per_floor":["M","?","M","$","M","R","E","?","T","T","E","?","M","M","R","B",null,"M","M","M","$","?","E","M"],"character_chosen":"IRONCLAD","items_purchased":["Inflame","Sadistic Nature+1","Juzu Bracelet"],"campfire_rested":1,"item_purchase_floors":[4,21,21],"current_hp_per_floor":[64,64,67,67,59,59,47,36,36,36,32,21,21,9,42,22,90,78,74,56,56,56,20,0],"gold":70,"neow_bonus":"BOSS_RELIC","is_prod":false,"is_daily":false,"chose_seed":false,"campfire_upgraded":1,"win_rate":0,"timestamp":1649279274,"path_taken":["M","?","M","$","M","R","E","?","T","?","E","?","?","M","R","BOSS","M","?","M","$","?","E","M"],"build_version":"2022-03-07","purchased_purges":0,"victory":false,"max_hp_per_floor":[81,81,89,89,93,93,97,97,97,97,97,97,105,113,113,113,113,117,125,125,125,125,125,125],"card_choices":[{"not_picked":["True Grit","Clash","Entrench"],"picked":"SKIP","floor":1},{"not_picked":["Cleave","Rupture"],"picked":"Flame Barrier","floor":3},{"not_picked":["Fire Breathing","Second Wind"],"picked":"Whirlwind","floor":5},{"not_picked":["Searing Blow","Burning Pact"],"picked":"Shrug It Off","floor":7},{"not_picked":["Heavy Blade","Flex"],"picked":"Inflame+1","floor":11},{"not_picked":["Shockwave","Rupture+1"],"picked":"Wild Strike","floor":13},{"not_picked":["Bludgeon","Pommel Strike","Iron Wave"],"picked":"SKIP","floor":14},{"not_picked":["Juggernaut+1","Reaper"],"picked":"Offering","floor":16},{"not_picked":["Clash","Twin Strike","Clothesline"],"picked":"SKIP","floor":18},{"not_picked":["Armaments","Heavy Blade","Clothesline"],"picked":"SKIP","floor":19},{"not_picked":["Pommel Strike","Infernal Blade","Thunderclap"],"picked":"SKIP","floor":20},{"not_picked":["Hemokinesis+1","Bloodletting+1","Cleave"],"picked":"SKIP","floor":23}],"player_experience":1857409,"relics_obtained":[{"floor":7,"key":"Ice Cream"},{"floor":9,"key":"Frozen Egg 2"},{"floor":10,"key":"Orichalcum"},{"floor":11,"key":"Bag of Marbles"},{"floor":23,"key":"Potion Belt"}],"event_choices":[{"damage_healed":0,"gold_gain":0,"player_choice":"Grow","damage_taken":0,"max_hp_gain":0,"max_hp_loss":0,"event_name":"Living Wall","floor":2,"gold_loss":0,"cards_upgraded":["Feed"]},{"damage_healed":0,"gold_gain":0,"player_choice":"Success","damage_taken":11,"relics_obtained":["StrikeDummy"],"max_hp_gain":0,"max_hp_loss":0,"event_name":"Scrap Ooze","floor":8,"gold_loss":0},{"damage_healed":0,"gold_gain":75,"player_choice":"Gather Gold","damage_taken":11,"max_hp_gain":0,"max_hp_loss":0,"event_name":"World of Goop","floor":12,"gold_loss":0},{"damage_healed":0,"gold_gain":0,"player_choice":"Forge","damage_taken":0,"max_hp_gain":0,"max_hp_loss":0,"event_name":"Accursed Blacksmith","floor":22,"gold_loss":0,"cards_upgraded":["Flame Barrier"]}],"is_beta":false,"boss_relics":[{"not_picked":["Sozu","Runic Pyramid"],"picked":"SlaversCollar"}],"items_purged_floors":[],"is_endless":false,"potions_floor_spawned":[7,11,14,18,19,20],"killed_by":"Chosen and Byrds","ascension_level":20}