{"gold_per_floor":[114,127,127,127,52,52,87,87,133,148,189,216,240,284,284,284],"floor_reached":16,"playtime":338,"items_purged":[],"score":236,"play_id":"4d2d1ccb-8193-4eae-9515-3a496f177ad0","local_time":"20220809233805","is_ascension_mode":true,"campfire_choices":[{"data":"Bash","floor":6,"key":"SMITH"},{"floor":8,"key":"REST"},{"floor":15,"key":"REST"}],"neow_cost":"NONE","seed_source_timestamp":858790041100,"circlet_count":0,"master_deck":["AscendersBane","Strike_R","Strike_R","Strike_R","Strike_R","Strike_R","Defend_R","Defend_R","Defend_R","Defend_R","Bash+1","Disarm","Sword Boomerang","Intimidate","Flame Barrier"],"relics":["Burning Blood","PreservedInsect","Bag of Marbles","Golden Idol","Potion Belt","Smiling Mask","Unceasing Top","Lantern","Akabeko"],"potions_floor_usage":[7,11,16],"damage_taken":[{"damage":12,"enemies":"Cultist","floor":1,"turns":4},{"damage":3,"enemies":"2 Louse","floor":2,"turns":4},{"damage":32,"enemies":"Gremlin Nob","floor":7,"turns":4},{"damage":8,"enemies":"Small Slimes","floor":10,"turns":4},{"damage":17,"enemies":"3 Sentries","floor":11,"turns":6},{"damage":19,"enemies":"3 Louse","floor":13,"turns":3},{"damage":8,"enemies":"Gremlin Nob","floor":14,"turns":3},{"damage":31,"enemies":"Slime Boss","floor":16,"turns":6}],"seed_played":"5961989099662882679","potions_obtained":[{"floor":1,"key":"SkillPotion"},{"floor":7,"key":"Explosive Potion"},{"floor":13,"key":"Explosive Potion"}],"is_trial":false,"path_per_floor":["M","M","?","?","?","R","E","R","T","M","E","T","M","E","R","B"],"character_chosen":"IRONCLAD","items_purchased":[],"campfire_rested":2,"item_purchase_floors":[],"current_hp_per_floor":[62,65,39,39,39,39,13,35,35,33,22,22,9,7,29,0],"gold":284,"neow_bonus":"RANDOM_COMMON_RELIC","is_prod":false,"is_daily":false,"chose_seed":false,"campfire_upgraded":1,"win_rate":0,"timestamp":1660081085,"path_taken":["M","M","?","?","?","R","E","R","T","M","E","?","?","E","R","BOSS"],"build_version":"2022-03-07","purchased_purges":0,"victory":false,"max_hp_per_floor":[75,75,75,75,75,75,75,75,75,75,75,75,75,75,75,75],"card_choices":[{"not_picked":["Burning Pact","Rage"],"picked":"Disarm","floor":1},{"not_picked":["Entrench","Heavy Blade","Sentinel"],"picked":"SKIP","floor":2},{"not_picked":["Seeing Red","Twin Strike"],"picked":"Sword Boomerang","floor":7},{"not_picked":["Headbutt","Body Slam"],"picked":"Intimidate","floor":10},{"not_picked":["Anger","Brutality","Dual Wield"],"picked":"SKIP","floor":11},{"not_picked":["Pummel","Thunderclap","Searing Blow"],"picked":"SKIP","floor":13},{"not_picked":["Wild Strike","Pummel"],"picked":"Flame Barrier","floor":14}],"player_experience":1889607,"relics_obtained":[{"floor":7,"key":"Potion Belt"},{"floor":9,"key":"Smiling Mask"},{"floor":11,"key":"Unceasing Top"},{"floor":12,"key":"Lantern"},{"floor":14,"key":"Akabeko"}],"event_choices":[{"damage_healed":0,"gold_gain":0,"player_choice":"Success","damage_taken":26,"relics_obtained":["Bag of Marbles"],"max_hp_gain":0,"max_hp_loss":0,"event_name":"Scrap Ooze","floor":3,"gold_loss":0},{"damage_healed":0,"gold_gain":0,"player_choice":"Take Wound","damage_taken":0,"relics_obtained":["Golden Idol"],"max_hp_gain":0,"max_hp_loss":0,"event_name":"Golden Idol","floor":4,"gold_loss":0,"cards_obtained":["Injury"]},{"cards_removed":["Injury"],"damage_healed":0,"gold_gain":0,"player_choice":"Card Removal","damage_taken":0,"max_hp_gain":0,"max_hp_loss":0,"event_name":"The Cleric","floor":5,"gold_loss":75}],"is_beta":false,"boss_relics":[],"items_purged_floors":[],"is_endless":false,"potions_floor_spawned":[1,7,13],"killed_by":"Slime Boss","ascension_level":20}