{"gold_per_floor":[12,12,12,27,27,27,45,72,122,122,148,148],"floor_reached":12,"playtime":249,"items_purged":[],"score":172,"play_id":"34967b78-931c-4a2e-bcec-ae2b6076e62e","local_time":"20220830210620","is_ascension_mode":true,"campfire_choices":[{"data":"Defend_R","floor":6,"key":"PURGE"},{"data":"Strike_R","floor":10,"key":"PURGE"}],"neow_cost":"NO_GOLD","seed_source_timestamp":183206384829000,"circlet_count":0,"master_deck":["AscendersBane","Strike_R","Strike_R","Defend_R","Defend_R","Defend_R","Bash","Twin Strike","Clash","Seeing Red","Metallicize"],"relics":["Burning Blood","Peace Pipe","Pen Nib","Omamori","White Beast Statue"],"potions_floor_usage":[11],"damage_taken":[{"damage":5,"enemies":"2 Louse","floor":1,"turns":4},{"damage":5,"enemies":"Small Slimes","floor":4,"turns":4},{"damage":6,"enemies":"Cultist","floor":7,"turns":3},{"damage":50,"enemies":"Gremlin Nob","floor":8,"turns":5},{"damage":19,"enemies":"Lagavulin","floor":11,"turns":7},{"damage":19,"enemies":"Exordium Thugs","floor":12,"turns":2}],"seed_played":"4790849526281846172","potions_obtained":[{"floor":4,"key":"GamblersBrew"},{"floor":11,"key":"Fruit Juice"}],"is_trial":false,"path_per_floor":["M","?","$","M","?","R","M","E","T","R","E","M"],"character_chosen":"IRONCLAD","items_purchased":[],"campfire_rested":0,"item_purchase_floors":[],"current_hp_per_floor":[69,69,69,70,70,70,70,26,26,26,18,0],"gold":148,"neow_bonus":"ONE_RARE_RELIC","is_prod":false,"is_daily":false,"chose_seed":false,"campfire_upgraded":0,"win_rate":0,"timestamp":1661886380,"path_taken":["M","?","$","M","?","R","?","E","T","R","E","M"],"build_version":"2022-03-07","purchased_purges":0,"victory":false,"max_hp_per_floor":[75,75,75,75,75,75,75,75,75,75,80,80],"card_choices":[{"not_picked":["Clash","Blood for Blood"],"picked":"Twin Strike","floor":1},{"not_picked":["Body Slam","Heavy Blade"],"picked":"Clash","floor":4},{"not_picked":["Iron Wave","True Grit"],"picked":"Metallicize","floor":7},{"not_picked":["Blood for Blood","Clothesline","Uppercut"],"picked":"SKIP","floor":8},{"not_picked":["Rupture","Searing Blow","Twin Strike"],"picked":"SKIP","floor":11}],"player_experience":1899605,"relics_obtained":[{"floor":8,"key":"Pen Nib"},{"floor":9,"key":"Omamori"},{"floor":11,"key":"White Beast Statue"}],"event_choices":[{"cards_removed":["Strike_R"],"damage_healed":0,"gold_gain":0,"player_choice":"Forget","damage_taken":0,"max_hp_gain":0,"max_hp_loss":0,"event_name":"Living Wall","floor":2,"gold_loss":0},{"damage_healed":0,"gold_gain":0,"cards_transformed":["Strike_R"],"player_choice":"Transformed","damage_taken":0,"max_hp_gain":0,"max_hp_loss":0,"event_name":"Transmorgrifier","floor":5,"gold_loss":0,"cards_obtained":["Seeing Red"]}],"is_beta":false,"boss_relics":[],"items_purged_floors":[],"is_endless":false,"potions_floor_spawned":[4,11],"killed_by":"Exordium Thugs","ascension_level":20}