{"gold_per_floor":[114,134,134,134,151,176,176,217,292,38,38,38,38],"floor_reached":13,"playtime":398,"items_purged":[],"score":182,"play_id":"04aef8be-bad4-48fd-90c2-a2fd396f3a4a","local_time":"20220829215458","is_ascension_mode":true,"campfire_choices":[{"data":"Spot Weakness","floor":7,"key":"SMITH"},{"data":"Hemokinesis","floor":12,"key":"SMITH"}],"neow_cost":"TEN_PERCENT_HP_LOSS","seed_source_timestamp":99571070683900,"circlet_count":0,"master_deck":["AscendersBane","Strike_R","Strike_R","Defend_R","Defend_R","Defend_R","Bash","Evolve","Disarm","Spot Weakness+1","Havoc","Hemokinesis+1"],"relics":["Burning Blood","Charon\u0027s Ashes","CeramicFish","The Courier","StoneCalendar"],"potions_floor_usage":[6],"damage_taken":[{"damage":4,"enemies":"Jaw Worm","floor":1,"turns":4},{"damage":1,"enemies":"2 Louse","floor":2,"turns":3},{"damage":5,"enemies":"Small Slimes","floor":5,"turns":5},{"damage":28,"enemies":"Lagavulin","floor":6,"turns":8},{"damage":30,"enemies":"3 Sentries","floor":8,"turns":6},{"damage":41,"enemies":"Gremlin Nob","floor":13,"turns":3}],"seed_played":"-968808435995151400","potions_obtained":[{"floor":5,"key":"BlessingOfTheForge"},{"floor":8,"key":"FearPotion"}],"is_trial":false,"path_per_floor":["M","M","?","?","M","E","R","E","T","$","?","R","E"],"character_chosen":"IRONCLAD","items_purchased":["StoneCalendar"],"campfire_rested":0,"item_purchase_floors":[10],"current_hp_per_floor":[68,68,68,61,62,40,40,16,16,16,38,38,0],"gold":38,"neow_bonus":"REMOVE_TWO","is_prod":false,"is_daily":false,"chose_seed":false,"campfire_upgraded":2,"win_rate":0,"timestamp":1661802898,"path_taken":["M","M","?","?","M","E","R","E","T","$","?","R","E"],"build_version":"2022-03-07","purchased_purges":0,"victory":false,"max_hp_per_floor":[68,68,68,68,68,68,68,68,68,68,68,68,68],"card_choices":[{"not_picked":["Iron Wave","Seeing Red"],"picked":"Evolve","floor":1},{"not_picked":["Heavy Blade","Iron Wave"],"picked":"Disarm","floor":2},{"not_picked":["Rage","Warcry","Flex"],"picked":"SKIP","floor":5},{"not_picked":["Double Tap","Dual Wield"],"picked":"Havoc","floor":6},{"not_picked":["Evolve","Power Through"],"picked":"Hemokinesis","floor":8}],"player_experience":1897450,"relics_obtained":[{"floor":6,"key":"Charon\u0027s Ashes"},{"floor":8,"key":"CeramicFish"},{"floor":9,"key":"The Courier"}],"event_choices":[{"damage_healed":0,"gold_gain":0,"cards_transformed":["Strike_R"],"player_choice":"Change","damage_taken":0,"max_hp_gain":0,"max_hp_loss":0,"event_name":"Living Wall","floor":3,"gold_loss":0,"cards_obtained":["Spot Weakness"]},{"cards_removed":["Strike_R"],"damage_healed":0,"gold_gain":0,"player_choice":"Card Removal","damage_taken":7,"max_hp_gain":0,"max_hp_loss":0,"event_name":"Golden Wing","floor":4,"gold_loss":0},{"damage_healed":22,"gold_gain":0,"player_choice":"Banana","damage_taken":0,"max_hp_gain":0,"max_hp_loss":0,"event_name":"Big Fish","floor":11,"gold_loss":0}],"is_beta":false,"boss_relics":[],"items_purged_floors":[],"is_endless":false,"potions_floor_spawned":[5,8],"killed_by":"Gremlin Nob","ascension_level":20}