{"gold_per_floor":[15,30,30,44,44,44,83,83,83,8,24,24,55,76,76,76],"floor_reached":16,"playtime":382,"items_purged":["Decay"],"score":220,"play_id":"e8b59216-3880-4c7f-980b-ba3969d1b51a","local_time":"20220822084408","is_ascension_mode":true,"campfire_choices":[{"data":"Cleave","floor":6,"key":"SMITH"},{"data":"Bash","floor":8,"key":"SMITH"},{"data":"Shrug It Off","floor":12,"key":"SMITH"},{"data":"Injury","floor":15,"key":"PURGE"}],"neow_cost":"NO_GOLD","seed_source_timestamp":1625105517600,"circlet_count":0,"master_deck":["AscendersBane","Strike_R","Strike_R","Strike_R","Strike_R","Strike_R","Defend_R","Defend_R","Defend_R","Defend_R","Bash+1","Hemokinesis","Cleave+1","Battle Trance","Shrug It Off+1","Spot Weakness"],"relics":["Burning Blood","Golden Idol","Bottled Flame","Bronze Scales","Peace Pipe"],"potions_floor_usage":[11,13],"damage_taken":[{"damage":8,"enemies":"2 Louse","floor":1,"turns":4},{"damage":2,"enemies":"Small Slimes","floor":2,"turns":2},{"damage":2,"enemies":"Cultist","floor":4,"turns":2},{"damage":36,"enemies":"Gremlin Nob","floor":7,"turns":4},{"damage":18,"enemies":"Large Slime","floor":11,"turns":4},{"damage":28,"enemies":"Lagavulin","floor":13,"turns":7},{"damage":5,"enemies":"Red Slaver","floor":14,"turns":4},{"damage":42,"enemies":"Hexaghost","floor":16,"turns":9}],"seed_played":"2465227081708227328","potions_obtained":[{"floor":1,"key":"ElixirPotion"},{"floor":2,"key":"Explosive Potion"},{"floor":7,"key":"Regen Potion"}],"is_trial":false,"path_per_floor":["M","M","?","M","?","R","E","R","T","$","M","R","E","M","R","B"],"character_chosen":"IRONCLAD","items_purchased":[],"campfire_rested":0,"item_purchase_floors":[],"current_hp_per_floor":[80,84,84,88,88,88,58,58,58,58,46,46,39,40,40,0],"gold":76,"neow_bonus":"TWENTY_PERCENT_HP_BONUS","is_prod":false,"is_daily":false,"chose_seed":false,"campfire_upgraded":3,"win_rate":0,"timestamp":1661150648,"path_taken":["M","M","?","M","?","R","E","R","T","$","M","R","E","M","R","BOSS"],"build_version":"2022-03-07","purchased_purges":1,"victory":false,"max_hp_per_floor":[89,89,89,89,89,89,89,89,89,89,89,89,89,89,89,89],"card_choices":[{"not_picked":["Feel No Pain","Heavy Blade"],"picked":"Hemokinesis","floor":1},{"not_picked":["Perfected Strike","Dual Wield","Clothesline"],"picked":"SKIP","floor":2},{"not_picked":["Heavy Blade","Pommel Strike"],"picked":"Cleave","floor":4},{"not_picked":["Fiend Fire","Sword Boomerang"],"picked":"Battle Trance","floor":7},{"not_picked":["Wild Strike","Rage"],"picked":"Shrug It Off","floor":11},{"not_picked":["Body Slam","Clothesline"],"picked":"Spot Weakness","floor":13},{"not_picked":["Feel No Pain","Iron Wave","Armaments"],"picked":"SKIP","floor":14}],"player_experience":1891160,"relics_obtained":[{"floor":7,"key":"Bottled Flame"},{"floor":9,"key":"Bronze Scales"},{"floor":13,"key":"Peace Pipe"}],"event_choices":[{"damage_healed":0,"gold_gain":0,"player_choice":"Take Wound","damage_taken":0,"relics_obtained":["Golden Idol"],"max_hp_gain":0,"max_hp_loss":0,"event_name":"Golden Idol","floor":3,"gold_loss":0,"cards_obtained":["Injury"]},{"damage_healed":0,"gold_gain":0,"player_choice":"Cursed","damage_taken":0,"max_hp_gain":0,"max_hp_loss":0,"event_name":"Wheel of Change","floor":5,"gold_loss":0,"cards_obtained":["Decay"]}],"is_beta":false,"boss_relics":[],"items_purged_floors":[10],"is_endless":false,"potions_floor_spawned":[1,2,7],"killed_by":"Hexaghost","ascension_level":20}