{"gold_per_floor":[117,117,42,61,71,106,106,106,106,106,20,45,45,77,77,149,149,166,166,179,179,269,295,311,330,330,363,288,321,341,341,341,418,418,438,81,61,77,96,96],"floor_reached":40,"playtime":1381,"items_purged":["Defend_R"],"score":1053,"play_id":"0e3ea097-81fe-43a3-a047-ba1804d0c23e","local_time":"20220826163547","is_ascension_mode":true,"campfire_choices":[{"data":"Wild Strike","floor":7,"key":"SMITH"},{"data":"Rupture","floor":13,"key":"SMITH"},{"data":"Shrug It Off","floor":15,"key":"SMITH"},{"data":"Wild Strike","floor":32,"key":"SMITH"}],"neow_cost":"NONE","seed_source_timestamp":374528097452800,"circlet_count":0,"master_deck":["AscendersBane","Strike_R+1","Strike_R+1","Strike_R+1","Strike_R+1","Defend_R+1","Defend_R+1","Defend_R+1","Bash","Shrug It Off+1","Rupture+1","Wild Strike+1","Brutality","Wild Strike","Wild Strike+1","Double Tap","Wild Strike+1","Twin Strike","Shrug It Off+1"],"relics":["Philosopher\u0027s Stone","StrikeDummy","PreservedInsect","Anchor","Meat on the Bone","Potion Belt","Singing Bowl","Runic Pyramid","Art of War","Kunai","Eternal Feather","Black Star","Medical Kit","Orichalcum"],"potions_floor_usage":[25,27,27,29,31,38,40],"damage_taken":[{"damage":3,"enemies":"Jaw Worm","floor":1,"turns":3},{"damage":0,"enemies":"Cultist","floor":4,"turns":3},{"damage":0,"enemies":"2 Louse","floor":5,"turns":2},{"damage":25,"enemies":"3 Sentries","floor":6,"turns":9},{"damage":9,"enemies":"Gremlin Nob","floor":12,"turns":3},{"damage":1,"enemies":"Lagavulin","floor":14,"turns":3},{"damage":22,"enemies":"The Guardian","floor":16,"turns":8},{"damage":21,"enemies":"2 Thieves","floor":18,"turns":4},{"damage":24,"enemies":"Spheric Guardian","floor":20,"turns":4},{"damage":2,"enemies":"Gremlin Leader","floor":23,"turns":4},{"damage":3,"enemies":"Snake Plant","floor":24,"turns":3},{"damage":3,"enemies":"Snecko","floor":25,"turns":3},{"damage":7,"enemies":"Book of Stabbing","floor":27,"turns":2},{"damage":4,"enemies":"Gremlin Leader","floor":29,"turns":3},{"damage":5,"enemies":"3 Cultists","floor":30,"turns":5},{"damage":0,"enemies":"Centurion and Healer","floor":31,"turns":1},{"damage":53,"enemies":"Automaton","floor":33,"turns":10},{"damage":17,"enemies":"Orb Walker","floor":35,"turns":3},{"damage":1,"enemies":"3 Shapes","floor":38,"turns":4},{"damage":24,"enemies":"Jaw Worm Horde","floor":39,"turns":4},{"damage":52,"enemies":"Reptomancer","floor":40,"turns":4}],"seed_played":"3291166277397799242","potions_obtained":[{"floor":5,"key":"Energy Potion"},{"floor":12,"key":"SmokeBomb"},{"floor":23,"key":"DistilledChaos"},{"floor":25,"key":"DuplicationPotion"},{"floor":29,"key":"BlessingOfTheForge"},{"floor":30,"key":"Ancient Potion"},{"floor":33,"key":"Fire Potion"},{"floor":37,"key":"DuplicationPotion"},{"floor":38,"key":"Dexterity Potion"},{"floor":39,"key":"ColorlessPotion"}],"is_trial":false,"path_per_floor":["M","?","$","M","M","E","R","?","T","?","$","E","R","E","R","B",null,"M","?","M","?","?","E","M","M","T","E","?","E","M","M","R","B",null,"M","$","?","M","M","E"],"character_chosen":"IRONCLAD","items_purchased":["Regen Potion","Twin Strike","Medical Kit","Orichalcum"],"campfire_rested":0,"item_purchase_floors":[11,36,36,36],"current_hp_per_floor":[65,65,65,65,65,40,40,40,40,33,33,36,36,49,49,41,70,51,51,39,39,27,37,48,56,56,51,51,49,58,58,67,26,75,58,58,58,59,47,0],"gold":96,"neow_bonus":"BOSS_RELIC","is_prod":false,"is_daily":false,"chose_seed":false,"campfire_upgraded":4,"win_rate":0,"timestamp":1661524547,"path_taken":["M","?","$","?","M","E","R","?","T","?","?","E","R","E","R","BOSS","M","?","?","?","?","E","?","M","T","E","?","E","M","M","R","BOSS","M","$","?","M","?","E"],"build_version":"2022-03-07","purchased_purges":1,"victory":false,"max_hp_per_floor":[75,75,75,75,75,75,75,75,75,75,75,75,75,77,77,79,79,81,81,81,81,81,81,83,85,85,87,87,89,91,91,91,91,91,91,91,91,93,93,93],"card_choices":[{"not_picked":["Perfected Strike","Flex"],"picked":"Shrug It Off","floor":1},{"not_picked":["Combust","Searing Blow"],"picked":"Rupture","floor":4},{"not_picked":["Anger","Thunderclap","Body Slam"],"picked":"SKIP","floor":5},{"not_picked":["Whirlwind","Rupture"],"picked":"Wild Strike","floor":6},{"not_picked":["Entrench","Armaments"],"picked":"Brutality","floor":12},{"not_picked":["Iron Wave","Barricade","Intimidate"],"picked":"Singing Bowl","floor":14},{"not_picked":["Berserk","Fiend Fire","Corruption"],"picked":"Singing Bowl","floor":16},{"not_picked":["Dual Wield","Headbutt","Clash"],"picked":"Singing Bowl","floor":18},{"not_picked":["Clothesline","Shrug It Off"],"picked":"Wild Strike","floor":20},{"not_picked":["Headbutt","Pummel+1"],"picked":"Wild Strike","floor":23},{"not_picked":["Evolve","Armaments","Rampage"],"picked":"Singing Bowl","floor":24},{"not_picked":["Seeing Red","Heavy Blade","Intimidate"],"picked":"Singing Bowl","floor":25},{"not_picked":["Hemokinesis","Demon Form","Body Slam+1"],"picked":"Singing Bowl","floor":27},{"not_picked":["Rage","Blood for Blood+1","Corruption"],"picked":"Singing Bowl","floor":29},{"not_picked":["Havoc+1","Combust","Clash"],"picked":"Singing Bowl","floor":30},{"not_picked":["Feed","Reaper"],"picked":"Double Tap","floor":33},{"not_picked":["Flex","Shockwave"],"picked":"Wild Strike+1","floor":35},{"not_picked":["Clash","Iron Wave","Hemokinesis+1"],"picked":"Singing Bowl","floor":38},{"not_picked":["Headbutt","Second Wind"],"picked":"Shrug It Off+1","floor":39}],"player_experience":1891542,"relics_obtained":[{"floor":2,"key":"StrikeDummy"},{"floor":6,"key":"PreservedInsect"},{"floor":9,"key":"Meat on the Bone"},{"floor":12,"key":"Potion Belt"},{"floor":14,"key":"Singing Bowl"},{"floor":23,"key":"Art of War"},{"floor":27,"key":"Kunai"},{"floor":29,"key":"Eternal Feather"}],"event_choices":[{"damage_healed":0,"gold_gain":0,"player_choice":"Relic","damage_taken":0,"max_hp_gain":0,"max_hp_loss":0,"event_name":"Wheel of Change","floor":2,"gold_loss":0},{"damage_healed":0,"gold_gain":0,"player_choice":"Box","damage_taken":0,"relics_obtained":["Anchor"],"max_hp_gain":0,"max_hp_loss":0,"event_name":"Big Fish","floor":8,"gold_loss":0,"cards_obtained":["Regret"]},{"cards_removed":["Regret"],"damage_healed":0,"gold_gain":0,"player_choice":"Card Removal","damage_taken":7,"max_hp_gain":0,"max_hp_loss":0,"event_name":"Golden Wing","floor":10,"gold_loss":0},{"damage_healed":0,"gold_gain":0,"player_choice":"Ignored","damage_taken":0,"max_hp_gain":0,"max_hp_loss":0,"event_name":"N\u0027loth","floor":19,"gold_loss":0},{"damage_healed":0,"gold_gain":0,"player_choice":"Simplicity","damage_taken":0,"max_hp_gain":0,"max_hp_loss":0,"event_name":"Back to Basics","floor":21,"gold_loss":0,"cards_upgraded":["Strike_R","Strike_R","Strike_R","Strike_R","Strike_R","Defend_R","Defend_R","Defend_R"]},{"damage_healed":0,"gold_gain":90,"player_choice":"GOLD ","damage_taken":12,"max_hp_gain":0,"max_hp_loss":0,"event_name":"Knowing Skull","floor":22,"potions_obtained":[],"gold_loss":0,"cards_obtained":[]},{"cards_removed":["Strike_R"],"damage_healed":0,"gold_gain":0,"player_choice":"Gave Gold","damage_taken":0,"max_hp_gain":0,"max_hp_loss":0,"event_name":"Beggar","floor":28,"gold_loss":75},{"damage_healed":0,"gold_gain":0,"player_choice":"Bought 1 Potion","damage_taken":0,"max_hp_gain":0,"max_hp_loss":0,"event_name":"The Woman in Blue","floor":37,"gold_loss":0}],"is_beta":false,"boss_relics":[{"not_picked":["Snecko Eye","Coffee Dripper"],"picked":"Runic Pyramid"},{"not_picked":["SlaversCollar","Tiny House"],"picked":"Black Star"}],"items_purged_floors":[3],"is_endless":false,"potions_floor_spawned":[5,12,23,25,29,30,31,33,38,39],"killed_by":"Reptomancer","ascension_level":20}