{"gold_per_floor":[117,66,341,159,177,209,209,241,241,276,288,323,335,48,48,48],"floor_reached":16,"playtime":420,"items_purged":["Regret"],"score":278,"play_id":"e49336f3-7ca4-46d9-ac87-35acaa2b0a54","local_time":"20220826214806","is_ascension_mode":true,"campfire_choices":[{"data":"Perfected Strike","floor":7,"key":"SMITH"},{"floor":15,"key":"DIG"}],"neow_cost":"NONE","seed_source_timestamp":394231272773700,"circlet_count":0,"master_deck":["AscendersBane","Strike_R","Strike_R","Strike_R","Strike_R","Strike_R","Defend_R","Defend_R","Defend_R","Defend_R","Bash","Perfected Strike+1","Wild Strike","Panacea","Inflame","Ghostly Armor","Shrug It Off","Sword Boomerang","Armaments+1"],"relics":["Burning Blood","NeowsBlessing","Eternal Feather","Ginger","The Courier","MawBank","Odd Mushroom","Toxic Egg 2","Shovel","Self Forming Clay"],"potions_floor_usage":[10,16],"damage_taken":[{"damage":0,"enemies":"Small Slimes","floor":1,"turns":1},{"damage":0,"enemies":"Cultist","floor":5,"turns":1},{"damage":0,"enemies":"Lagavulin","floor":6,"turns":1},{"damage":34,"enemies":"Gremlin Nob","floor":8,"turns":4},{"damage":27,"enemies":"3 Sentries","floor":10,"turns":12},{"damage":23,"enemies":"The Mushroom Lair","floor":12,"turns":5},{"damage":23,"enemies":"The Guardian","floor":16,"turns":11}],"seed_played":"3565906121540187257","potions_obtained":[{"floor":10,"key":"Fruit Juice"},{"floor":12,"key":"HeartOfIron"}],"is_trial":false,"path_per_floor":["M","$","?","$","M","E","R","E","T","E","?","?","T","$","R","B"],"character_chosen":"IRONCLAD","items_purchased":["Wild Strike","Panacea","Shovel","Armaments+1"],"campfire_rested":0,"item_purchase_floors":[2,4,14,14],"current_hp_per_floor":[74,74,74,74,75,75,75,47,47,31,31,14,14,14,23,0],"gold":48,"neow_bonus":"THREE_ENEMY_KILL","is_prod":false,"is_daily":false,"chose_seed":false,"campfire_upgraded":1,"win_rate":0,"timestamp":1661543286,"path_taken":["M","$","?","$","?","E","R","E","T","E","?","?","?","?","R","BOSS"],"build_version":"2022-03-07","purchased_purges":1,"victory":false,"max_hp_per_floor":[75,75,75,75,75,75,75,75,75,80,80,80,80,80,80,80],"card_choices":[{"not_picked":["Wild Strike","Combust"],"picked":"Perfected Strike","floor":1},{"not_picked":["Seeing Red","Hemokinesis"],"picked":"Inflame","floor":5},{"not_picked":["Spot Weakness","Headbutt"],"picked":"Ghostly Armor","floor":6},{"not_picked":["Clash","Body Slam"],"picked":"Shrug It Off","floor":8},{"not_picked":["Spot Weakness","Cleave","Whirlwind"],"picked":"SKIP","floor":10},{"not_picked":["Shockwave","Ghostly Armor"],"picked":"Sword Boomerang","floor":12}],"player_experience":1893885,"relics_obtained":[{"floor":6,"key":"Eternal Feather"},{"floor":8,"key":"Ginger"},{"floor":9,"key":"The Courier"},{"floor":10,"key":"MawBank"},{"floor":12,"key":"Odd Mushroom"},{"floor":13,"key":"Toxic Egg 2"},{"floor":15,"key":"Self Forming Clay"}],"event_choices":[{"damage_healed":0,"gold_gain":275,"player_choice":"Desecrate","damage_taken":0,"max_hp_gain":0,"max_hp_loss":0,"event_name":"Golden Shrine","floor":3,"gold_loss":0,"cards_obtained":["Regret"]},{"damage_healed":0,"gold_gain":0,"player_choice":"Ignored","damage_taken":0,"max_hp_gain":0,"max_hp_loss":0,"event_name":"Shining Light","floor":11,"gold_loss":0},{"damage_healed":0,"gold_gain":0,"player_choice":"Fought Mushrooms","damage_taken":0,"max_hp_gain":0,"max_hp_loss":0,"event_name":"Mushrooms","floor":12,"gold_loss":0}],"is_beta":false,"boss_relics":[],"items_purged_floors":[4],"is_endless":false,"potions_floor_spawned":[10,12],"killed_by":"The Guardian","ascension_level":20}