{"gold_per_floor":[109,109,28,28,48,48,79,79,79,92,125,143,143,162,162,253,253,276,301,326,326],"floor_reached":21,"playtime":541,"items_purged":[],"score":432,"play_id":"37386e65-b8b5-4302-9d98-296a9d2746b8","local_time":"20220908224439","is_ascension_mode":true,"campfire_choices":[{"data":"Rupture","floor":6.0,"key":"SMITH"},{"data":"Rupture","floor":8.0,"key":"SMITH"},{"data":"Rupture","floor":13.0,"key":"SMITH"},{"data":"Metallicize","floor":15.0,"key":"SMITH"}],"neow_cost":"NONE","seed_source_timestamp":307456137585000,"circlet_count":0,"master_deck":["AscendersBane","Strike_R","Strike_R","Strike_R","Strike_R","Strike_R","Defend_R","Defend_R","Defend_R","Defend_R","Bash","Hemokinesis","Injury","Rupture+1","Pain","Metallicize+1","Rupture+1","Rupture+1","Shrug It Off","Sword Boomerang","Combust"],"special_seed":0,"relics":["Burning Blood","NeowsBlessing","Golden Idol","WarpedTongs","White Beast Statue","Letter Opener","Mercury Hourglass","Busted Crown"],"potions_floor_usage":[16,19,20,21,21],"damage_taken":[{"damage":0.0,"enemies":"2 Louse","floor":1.0,"turns":1.0},{"damage":0.0,"enemies":"Cultist","floor":5.0,"turns":1.0},{"damage":0.0,"enemies":"Gremlin Nob","floor":7.0,"turns":1.0},{"damage":14.0,"enemies":"Jaw Worm","floor":10.0,"turns":3.0},{"damage":21.0,"enemies":"3 Sentries","floor":11.0,"turns":8.0},{"damage":5.0,"enemies":"Blue Slaver","floor":12.0,"turns":2.0},{"damage":13.0,"enemies":"2 Fungi Beasts","floor":14.0,"turns":4.0},{"damage":15,"enemies":"Hexaghost","floor":16,"turns":8},{"damage":29,"enemies":"Chosen","floor":18,"turns":7},{"damage":22,"enemies":"3 Byrds","floor":19,"turns":5},{"damage":22,"enemies":"Snake Plant","floor":20,"turns":2},{"damage":49,"enemies":"Masked Bandits","floor":21,"turns":4}],"seed_played":"2002464670701513753","potions_obtained":[{"floor":1.0,"key":"HeartOfIron"},{"floor":5.0,"key":"Fruit Juice"},{"floor":10.0,"key":"Fruit Juice"},{"floor":11.0,"key":"Fire Potion"},{"floor":12.0,"key":"SpeedPotion"},{"floor":14.0,"key":"BlessingOfTheForge"},{"floor":16,"key":"Energy Potion"},{"floor":18,"key":"Ancient Potion"},{"floor":19,"key":"DistilledChaos"},{"floor":20,"key":"BloodPotion"}],"is_trial":false,"path_per_floor":["M","?","$","?","M","R","E","R","T","M","E","M","R","M","R","B",null,"M","M","M","?"],"character_chosen":"IRONCLAD","items_purchased":["Rupture"],"campfire_rested":0,"item_purchase_floors":[3],"current_hp_per_floor":[74,74,74,74,80,80,80,80,80,77,62,63,63,56,56,47,76,53,37,21,0],"gold":326,"neow_bonus":"THREE_ENEMY_KILL","is_prod":false,"is_daily":false,"chose_seed":false,"campfire_upgraded":4,"win_rate":0,"timestamp":1662669879,"path_taken":["M","?","$","?","?","R","E","R","T","M","E","M","R","M","R","BOSS","M","M","M","?"],"build_version":"2022-03-07","purchased_purges":0,"victory":false,"max_hp_per_floor":[75,75,75,75,80,80,80,80,80,85,85,85,85,85,85,85,85,85,85,85,85],"card_choices":[{"not_picked":["Carnage","Sword Boomerang"],"picked":"Hemokinesis","floor":1.0},{"not_picked":["Battle Trance","Clothesline"],"picked":"Metallicize","floor":5.0},{"not_picked":["Demon Form","Reckless Charge"],"picked":"Rupture","floor":7.0},{"not_picked":["Armaments","Twin Strike"],"picked":"Rupture","floor":10.0},{"not_picked":["Thunderclap","Perfected Strike"],"picked":"Shrug It Off","floor":11.0},{"not_picked":["Clothesline","Thunderclap","Anger"],"picked":"SKIP","floor":12.0},{"not_picked":["Body Slam","Sever Soul","Spot Weakness"],"picked":"SKIP","floor":14.0},{"not_picked":[],"picked":"Sword Boomerang","floor":18},{"not_picked":[],"picked":"Combust","floor":19},{"not_picked":["Anger"],"picked":"SKIP","floor":20}],"player_experience":1904743,"relics_obtained":[{"floor":7.0,"key":"White Beast Statue"},{"floor":9.0,"key":"Letter Opener"},{"floor":11.0,"key":"Mercury Hourglass"}],"event_choices":[{"damage_healed":0.0,"max_hp_gain":0.0,"max_hp_loss":0.0,"gold_gain":0.0,"event_name":"Golden Idol","player_choice":"Take Wound","floor":2.0,"gold_loss":0.0,"damage_taken":0.0,"relics_obtained":["Golden Idol"],"cards_obtained":["Injury"]},{"damage_healed":0.0,"max_hp_gain":0.0,"max_hp_loss":0.0,"gold_gain":0.0,"event_name":"Accursed Blacksmith","player_choice":"Rummage","floor":4.0,"gold_loss":0.0,"damage_taken":0.0,"relics_obtained":["WarpedTongs"],"cards_obtained":["Pain"]},{"damage_healed":0,"gold_gain":0,"player_choice":"Fought Bandits","damage_taken":0,"max_hp_gain":0,"max_hp_loss":0,"event_name":"Masked Bandits","floor":21,"gold_loss":0}],"is_beta":false,"boss_relics":[{"not_picked":["Mark of Pain","Sozu"],"picked":"Busted Crown"}],"items_purged_floors":[],"is_endless":false,"potions_floor_spawned":[1,5,10,11,12,14,16,18,19,20],"killed_by":"Masked Bandits","ascension_level":20}