{"gold_per_floor":[119,119,0,0,0,30,47,47,47,58,92,92],"floor_reached":12,"playtime":226,"items_purged":["Strike_R"],"score":222,"play_id":"c588da47-bc0d-4c21-bc6c-f6cd1b6862c3","local_time":"20220911155451","is_ascension_mode":true,"campfire_choices":[],"neow_cost":"NONE","seed_source_timestamp":542405083598000,"circlet_count":0,"master_deck":["AscendersBane","Strike_R","Strike_R","Defend_R","Defend_R","Defend_R","Defend_R","Bash","Thunderclap","True Grit","Infernal Blade","Pommel Strike","Fire Breathing"],"relics":["Burning Blood","NeowsBlessing","Darkstone Periapt","Bottled Lightning","MealTicket"],"potions_floor_usage":[],"damage_taken":[{"damage":0,"enemies":"Cultist","floor":1,"turns":1},{"damage":0,"enemies":"Lagavulin","floor":6,"turns":1},{"damage":0,"enemies":"2 Louse","floor":7,"turns":1},{"damage":4,"enemies":"Small Slimes","floor":10,"turns":3},{"damage":56,"enemies":"Gremlin Nob","floor":11,"turns":5},{"damage":29,"enemies":"Gremlin Gang","floor":12,"turns":4}],"seed_played":"6214448910478289844","potions_obtained":[{"floor":5,"key":"BlessingOfTheForge"},{"floor":5,"key":"BlessingOfTheForge"},{"floor":6,"key":"Strength Potion"},{"floor":7,"key":"PowerPotion"}],"is_trial":false,"path_per_floor":["M","?","$","?","?","E","M","$","T","M","E","M"],"character_chosen":"IRONCLAD","items_purchased":["Infernal Blade"],"campfire_rested":0,"item_purchase_floors":[3],"current_hp_per_floor":[74,74,74,67,67,73,75,75,75,75,25,0],"gold":92,"neow_bonus":"THREE_ENEMY_KILL","is_prod":false,"is_daily":false,"chose_seed":false,"campfire_upgraded":0,"win_rate":0,"timestamp":1662904491,"path_taken":["M","?","$","?","?","E","?","?","T","M","E","M"],"build_version":"2022-03-07","purchased_purges":1,"victory":false,"max_hp_per_floor":[75,75,75,75,75,75,75,75,75,75,75,75],"card_choices":[{"not_picked":["Perfected Strike","Wild Strike"],"picked":"Thunderclap","floor":1},{"not_picked":["Armaments","Wild Strike"],"picked":"Pommel Strike","floor":6},{"not_picked":["Carnage","Armaments","Perfected Strike"],"picked":"SKIP","floor":7},{"not_picked":["Clash","Thunderclap"],"picked":"Fire Breathing","floor":10},{"not_picked":["Havoc","Wild Strike","True Grit"],"picked":"SKIP","floor":11}],"player_experience":1909219,"relics_obtained":[{"floor":6,"key":"Darkstone Periapt"},{"floor":9,"key":"Bottled Lightning"},{"floor":11,"key":"MealTicket"}],"event_choices":[{"damage_healed":0,"gold_gain":0,"cards_transformed":["Strike_R"],"player_choice":"Change","damage_taken":0,"max_hp_gain":0,"max_hp_loss":0,"event_name":"Living Wall","floor":2,"gold_loss":0,"cards_obtained":["True Grit"]},{"cards_removed":["Strike_R"],"damage_healed":0,"gold_gain":0,"player_choice":"Card Removal","damage_taken":7,"max_hp_gain":0,"max_hp_loss":0,"event_name":"Golden Wing","floor":4,"gold_loss":0},{"damage_healed":0,"gold_gain":0,"player_choice":"Got Potions","damage_taken":0,"max_hp_gain":0,"max_hp_loss":0,"event_name":"Lab","floor":5,"gold_loss":0}],"is_beta":false,"boss_relics":[],"items_purged_floors":[3],"is_endless":false,"potions_floor_spawned":[6,7],"killed_by":"Gremlin Gang","ascension_level":20}