{"gold_per_floor":[119,27,102,102,115,141,161,161,185,213,292,292,317,317,317,317],"floor_reached":16,"playtime":386,"items_purged":[],"score":282,"play_id":"17614a26-583a-4b04-98ee-2dfe317cc326","local_time":"20220911160208","is_ascension_mode":true,"campfire_choices":[{"data":"Trip","floor":8,"key":"SMITH"},{"data":"Whirlwind","floor":12,"key":"SMITH"},{"data":"Spot Weakness","floor":15,"key":"SMITH"}],"neow_cost":"NONE","seed_source_timestamp":542682526614800,"circlet_count":0,"master_deck":["AscendersBane","Strike_R","Strike_R","Strike_R","Strike_R","Strike_R","Defend_R","Defend_R","Defend_R+1","Defend_R+1","Bash","Whirlwind+1","Trip+1","Intimidate","Spot Weakness+1","Juggernaut+1"],"relics":["Burning Blood","NeowsBlessing","Happy Flower","Strawberry","War Paint","Darkstone Periapt","Du-Vu Doll"],"potions_floor_usage":[10],"damage_taken":[{"damage":0,"enemies":"Jaw Worm","floor":1,"turns":1},{"damage":0,"enemies":"Small Slimes","floor":5,"turns":1},{"damage":0,"enemies":"Gremlin Nob","floor":6,"turns":1},{"damage":4,"enemies":"Cultist","floor":7,"turns":3},{"damage":30,"enemies":"3 Sentries","floor":10,"turns":7},{"damage":47,"enemies":"Lagavulin","floor":13,"turns":7},{"damage":27,"enemies":"Hexaghost","floor":16,"turns":9}],"seed_played":"7737060719355513636","potions_obtained":[{"floor":6,"key":"SteroidPotion"}],"is_trial":false,"path_per_floor":["M","$","?","?","M","E","M","R","T","E","T","R","E","?","R","B"],"character_chosen":"IRONCLAD","items_purchased":["Trip"],"campfire_rested":0,"item_purchase_floors":[2],"current_hp_per_floor":[74,74,63,68,74,80,80,80,87,63,63,63,22,22,22,0],"gold":317,"neow_bonus":"THREE_ENEMY_KILL","is_prod":false,"is_daily":false,"chose_seed":false,"campfire_upgraded":3,"win_rate":0,"timestamp":1662904928,"path_taken":["M","$","?","?","M","E","M","R","T","E","?","R","E","?","R","BOSS"],"build_version":"2022-03-07","purchased_purges":0,"victory":false,"max_hp_per_floor":[75,75,75,80,80,80,80,80,87,87,87,87,87,87,87,87],"card_choices":[{"not_picked":["Sword Boomerang","Anger"],"picked":"Whirlwind","floor":1},{"not_picked":["Cleave","Fire Breathing"],"picked":"Intimidate","floor":5},{"not_picked":["Sentinel","Heavy Blade"],"picked":"Spot Weakness","floor":6},{"not_picked":["Havoc","Shockwave","Twin Strike"],"picked":"SKIP","floor":7},{"not_picked":["Heavy Blade","Spot Weakness","Power Through"],"picked":"SKIP","floor":10},{"not_picked":["Cleave","Warcry"],"picked":"Juggernaut","floor":13}],"player_experience":1909466,"relics_obtained":[{"floor":6,"key":"Happy Flower"},{"floor":9,"key":"Strawberry"},{"floor":10,"key":"War Paint"},{"floor":11,"key":"Darkstone Periapt"},{"floor":13,"key":"Du-Vu Doll"}],"event_choices":[{"damage_healed":0,"gold_gain":75,"player_choice":"Gather Gold","damage_taken":11,"max_hp_gain":0,"max_hp_loss":0,"event_name":"World of Goop","floor":3,"gold_loss":0},{"damage_healed":0,"gold_gain":0,"player_choice":"Donut","damage_taken":0,"max_hp_gain":5,"max_hp_loss":0,"event_name":"Big Fish","floor":4,"gold_loss":0},{"damage_healed":0,"gold_gain":0,"player_choice":"Upgraded","damage_taken":0,"max_hp_gain":0,"max_hp_loss":0,"event_name":"Upgrade Shrine","floor":14,"gold_loss":0,"cards_upgraded":["Juggernaut"]}],"is_beta":false,"boss_relics":[],"items_purged_floors":[],"is_endless":false,"potions_floor_spawned":[6],"killed_by":"Hexaghost","ascension_level":20}