{"gold_per_floor":[111,111,111,23,298,333,333,368,368,368,379,390,390,404,404,404],"floor_reached":16,"playtime":236,"items_purged":[],"score":316,"play_id":"e64e2ada-cb76-47d0-be02-254abc118d0d","local_time":"20220922221755","is_ascension_mode":true,"campfire_choices":[{"data":"Fiend Fire","floor":7,"key":"SMITH"},{"data":"Inflame","floor":10,"key":"SMITH"},{"data":"Bash","floor":15,"key":"SMITH"}],"neow_cost":"NONE","seed_source_timestamp":697340286402400,"circlet_count":0,"master_deck":["AscendersBane","Strike_R","Strike_R","Strike_R","Strike_R","Strike_R","Defend_R","Defend_R+1","Defend_R","Bash+1","Clash+1","Inflame+1","Regret","Fiend Fire+1","Shrug It Off+1","Flame Barrier+1"],"relics":["Burning Blood","NeowsBlessing","Toy Ornithopter","Toxic Egg 2","FossilizedHelix","Omamori"],"potions_floor_usage":[16,16],"damage_taken":[{"damage":0,"enemies":"Cultist","floor":1,"turns":1},{"damage":0,"enemies":"3 Sentries","floor":6,"turns":2},{"damage":0,"enemies":"Lagavulin","floor":8,"turns":1},{"damage":3,"enemies":"2 Louse","floor":11,"turns":4},{"damage":0,"enemies":"Small Slimes","floor":12,"turns":2},{"damage":0,"enemies":"2 Fungi Beasts","floor":14,"turns":3},{"damage":71,"enemies":"Hexaghost","floor":16,"turns":9}],"seed_played":"1460399182139166649","potions_obtained":[{"floor":11,"key":"FearPotion"},{"floor":12,"key":"Block Potion"}],"is_trial":false,"path_per_floor":["M","?","?","$","?","E","R","E","T","R","M","M","?","M","R","B"],"character_chosen":"IRONCLAD","items_purchased":["Inflame"],"campfire_rested":0,"item_purchase_floors":[4],"current_hp_per_floor":[74,51,44,44,44,50,50,56,56,56,59,65,54,60,60,0],"gold":404,"neow_bonus":"THREE_ENEMY_KILL","is_prod":false,"is_daily":false,"chose_seed":false,"campfire_upgraded":3,"win_rate":0,"timestamp":1663877875,"path_taken":["M","?","?","$","?","E","R","E","T","R","?","M","?","M","R","BOSS"],"build_version":"2022-03-07","purchased_purges":0,"victory":false,"max_hp_per_floor":[75,75,75,75,75,75,75,75,75,75,75,75,75,75,75,75],"card_choices":[{"not_picked":["Heavy Blade","Dual Wield"],"picked":"Clash","floor":1},{"not_picked":["Sever Soul","Spot Weakness"],"picked":"Fiend Fire","floor":6},{"not_picked":["True Grit+1","Pommel Strike"],"picked":"Shrug It Off+1","floor":8},{"not_picked":["Burning Pact+1","True Grit+1"],"picked":"Flame Barrier+1","floor":11},{"not_picked":["Heavy Blade","Clash","Cleave"],"picked":"SKIP","floor":12},{"not_picked":["Dropkick","Warcry+1","Rupture"],"picked":"SKIP","floor":14}],"player_experience":1914086,"relics_obtained":[{"floor":6,"key":"Toy Ornithopter"},{"floor":8,"key":"Toxic Egg 2"},{"floor":9,"key":"FossilizedHelix"}],"event_choices":[{"damage_healed":0,"gold_gain":0,"player_choice":"Entered Light","damage_taken":23,"max_hp_gain":0,"max_hp_loss":0,"event_name":"Shining Light","floor":2,"gold_loss":0,"cards_upgraded":["Clash","Defend_R"]},{"cards_removed":["Defend_R"],"damage_healed":0,"gold_gain":0,"player_choice":"Card Removal","damage_taken":7,"max_hp_gain":0,"max_hp_loss":0,"event_name":"Golden Wing","floor":3,"gold_loss":0},{"damage_healed":0,"gold_gain":275,"player_choice":"Desecrate","damage_taken":0,"max_hp_gain":0,"max_hp_loss":0,"event_name":"Golden Shrine","floor":5,"gold_loss":0,"cards_obtained":["Regret"]},{"damage_healed":0,"gold_gain":0,"player_choice":"Success","damage_taken":11,"relics_obtained":["Omamori"],"max_hp_gain":0,"max_hp_loss":0,"event_name":"Scrap Ooze","floor":13,"gold_loss":0}],"is_beta":false,"boss_relics":[],"items_purged_floors":[],"is_endless":false,"potions_floor_spawned":[11,12],"killed_by":"Hexaghost","ascension_level":20}