{"gold_per_floor":[116,266,341,341,360,393,134,159,159,159,194,212,237,252,252,252],"floor_reached":16,"playtime":8801,"items_purged":["Doubt"],"score":306,"play_id":"0d217567-adef-4ea1-804c-28f8eb5e3fd1","local_time":"20220924152817","is_ascension_mode":true,"campfire_choices":[{"data":"Feed","floor":15,"key":"SMITH"}],"neow_cost":"NONE","seed_source_timestamp":837020345654900,"circlet_count":0,"master_deck":["AscendersBane","Strike_R+1","Strike_R","Strike_R","Strike_R+1","Strike_R","Defend_R","Defend_R","Defend_R","Defend_R","Bash","Wild Strike","Spot Weakness","Shrug It Off","Feed+1","Flash of Steel","Immolate"],"relics":["Burning Blood","NeowsBlessing","Kunai","Gremlin Horn","Blood Vial","Question Card","Champion Belt"],"potions_floor_usage":[13,16,16],"damage_taken":[{"damage":0,"enemies":"Small Slimes","floor":1,"turns":1},{"damage":0,"enemies":"Jaw Worm","floor":5,"turns":1},{"damage":0,"enemies":"Lagavulin","floor":6,"turns":1},{"damage":31,"enemies":"3 Sentries","floor":8,"turns":8},{"damage":8,"enemies":"Gremlin Nob","floor":11,"turns":3},{"damage":4,"enemies":"2 Louse","floor":12,"turns":3},{"damage":19,"enemies":"3 Sentries","floor":13,"turns":6},{"damage":0,"enemies":"Looter","floor":14,"turns":2},{"damage":68,"enemies":"Hexaghost","floor":16,"turns":9}],"seed_played":"-5551041161057285203","potions_obtained":[{"floor":5,"key":"GamblersBrew"},{"floor":6,"key":"BloodPotion"},{"floor":13,"key":"SkillPotion"}],"is_trial":false,"path_per_floor":["M","?","?","?","M","E","$","E","T","$","E","M","E","M","R","B"],"character_chosen":"IRONCLAD","items_purchased":["Feed","Flash of Steel"],"campfire_rested":0,"item_purchase_floors":[7,7],"current_hp_per_floor":[74,74,63,40,46,52,52,30,30,30,33,40,32,43,43,0],"gold":252,"neow_bonus":"THREE_ENEMY_KILL","is_prod":false,"is_daily":false,"chose_seed":false,"campfire_upgraded":1,"win_rate":0,"timestamp":1664026097,"path_taken":["M","?","?","?","M","E","?","E","T","$","E","?","E","M","R","BOSS"],"build_version":"2022-03-07","purchased_purges":1,"victory":false,"max_hp_per_floor":[75,75,75,75,75,75,75,78,78,78,81,84,87,90,90,90],"card_choices":[{"not_picked":["Anger","Battle Trance"],"picked":"Wild Strike","floor":1},{"not_picked":["Shockwave","Wild Strike"],"picked":"Spot Weakness","floor":5},{"not_picked":["Dark Embrace","Uppercut"],"picked":"Shrug It Off","floor":6},{"not_picked":["Seeing Red","Cleave"],"picked":"Immolate","floor":8},{"not_picked":["Blood for Blood","Twin Strike","Battle Trance"],"picked":"SKIP","floor":11},{"not_picked":["Sever Soul","Twin Strike","Burning Pact","Heavy Blade"],"picked":"SKIP","floor":12},{"not_picked":["Intimidate","Havoc","Sentinel","Wild Strike"],"picked":"SKIP","floor":13},{"not_picked":["Reaper","Clash","Flex","Twin Strike"],"picked":"SKIP","floor":14}],"player_experience":1917775,"relics_obtained":[{"floor":6,"key":"Kunai"},{"floor":8,"key":"Gremlin Horn"},{"floor":9,"key":"Blood Vial"},{"floor":11,"key":"Question Card"},{"floor":13,"key":"Champion Belt"}],"event_choices":[{"damage_healed":0,"gold_gain":150,"player_choice":"AGREE","damage_taken":0,"max_hp_gain":0,"max_hp_loss":0,"event_name":"Liars Game","floor":2,"gold_loss":0,"cards_obtained":["Doubt"]},{"damage_healed":0,"gold_gain":75,"player_choice":"Gather Gold","damage_taken":11,"max_hp_gain":0,"max_hp_loss":0,"event_name":"World of Goop","floor":3,"gold_loss":0},{"damage_healed":0,"gold_gain":0,"player_choice":"Entered Light","damage_taken":23,"max_hp_gain":0,"max_hp_loss":0,"event_name":"Shining Light","floor":4,"gold_loss":0,"cards_upgraded":["Strike_R","Strike_R"]}],"is_beta":false,"boss_relics":[],"items_purged_floors":[7],"is_endless":false,"potions_floor_spawned":[5,6,11,13],"killed_by":"Hexaghost","ascension_level":20}