{"gold_per_floor":[117,127,402,420,420,446,466,498,543,575,587,633,645,657,669,681],"floor_reached":16,"playtime":504,"items_purged":[],"score":290,"play_id":"8ce0be90-06f9-434d-965e-606f562fa66a","local_time":"20220924111828","is_ascension_mode":true,"campfire_choices":[{"data":"Double Tap","floor":13,"key":"SMITH"},{"floor":15,"key":"REST"}],"neow_cost":"NONE","seed_source_timestamp":830312000571100,"circlet_count":0,"master_deck":["AscendersBane","Strike_R","Strike_R","Strike_R","Strike_R","Defend_R","Defend_R","Defend_R","Defend_R","Bash","Sever Soul","Shrug It Off","Fire Breathing","Dual Wield","Shrug It Off","Double Tap+1","Feel No Pain","Flex"],"relics":["Burning Blood","Mercury Hourglass","HornCleat","MawBank","PreservedInsect"],"potions_floor_usage":[8,8,16],"damage_taken":[{"damage":12,"enemies":"Cultist","floor":1,"turns":4},{"damage":7,"enemies":"2 Louse","floor":2,"turns":5},{"damage":17,"enemies":"Jaw Worm","floor":4,"turns":4},{"damage":33,"enemies":"3 Sentries","floor":6,"turns":5},{"damage":15,"enemies":"Gremlin Gang","floor":7,"turns":5},{"damage":4,"enemies":"Gremlin Nob","floor":8,"turns":3},{"damage":1,"enemies":"Red Slaver","floor":10,"turns":3},{"damage":10,"enemies":"3 Sentries","floor":12,"turns":5},{"damage":72,"enemies":"The Guardian","floor":16,"turns":13}],"seed_played":"2275466701677687816","potions_obtained":[{"floor":2,"key":"BlessingOfTheForge"},{"floor":6,"key":"AttackPotion"},{"floor":12,"key":"Swift Potion"}],"is_trial":false,"path_per_floor":["M","M","?","M","?","E","M","E","T","M","?","E","R","?","R","B"],"character_chosen":"IRONCLAD","items_purchased":[],"campfire_rested":1,"item_purchase_floors":[],"current_hp_per_floor":[69,68,68,57,57,30,21,23,23,28,28,24,24,24,48,0],"gold":681,"neow_bonus":"TEN_PERCENT_HP_BONUS","is_prod":false,"is_daily":false,"chose_seed":false,"campfire_upgraded":1,"win_rate":0,"timestamp":1664011108,"path_taken":["M","M","?","?","?","E","M","E","T","?","?","E","R","?","R","BOSS"],"build_version":"2022-03-07","purchased_purges":0,"victory":false,"max_hp_per_floor":[82,82,82,82,82,82,82,82,82,82,82,82,82,82,82,82],"card_choices":[{"not_picked":["Perfected Strike","Rupture"],"picked":"Sever Soul","floor":1},{"not_picked":["Armaments","Pommel Strike"],"picked":"Shrug It Off","floor":2},{"not_picked":["Rupture","Perfected Strike"],"picked":"Fire Breathing","floor":4},{"not_picked":["Searing Blow","Clash","Sword Boomerang"],"picked":"SKIP","floor":6},{"not_picked":["Heavy Blade","Shrug It Off","Anger"],"picked":"SKIP","floor":7},{"not_picked":["Clothesline","Burning Pact"],"picked":"Double Tap","floor":8},{"not_picked":["Pommel Strike","Battle Trance","Iron Wave"],"picked":"SKIP","floor":10},{"not_picked":["Sword Boomerang","Double Tap"],"picked":"Feel No Pain","floor":12}],"player_experience":1914798,"relics_obtained":[{"floor":6,"key":"Mercury Hourglass"},{"floor":8,"key":"HornCleat"},{"floor":9,"key":"MawBank"},{"floor":12,"key":"PreservedInsect"}],"event_choices":[{"damage_healed":0,"gold_gain":275,"player_choice":"Desecrate","damage_taken":0,"max_hp_gain":0,"max_hp_loss":0,"event_name":"Golden Shrine","floor":3,"gold_loss":0,"cards_obtained":["Regret"]},{"damage_healed":0,"gold_gain":0,"player_choice":"2 cards matched","damage_taken":0,"max_hp_gain":0,"max_hp_loss":0,"event_name":"Match and Keep!","floor":5,"gold_loss":0,"cards_obtained":["Dual Wield","Shrug It Off"]},{"cards_removed":["Regret"],"damage_healed":0,"gold_gain":0,"player_choice":"Forget","damage_taken":0,"max_hp_gain":0,"max_hp_loss":0,"event_name":"Living Wall","floor":11,"gold_loss":0},{"damage_healed":0,"gold_gain":0,"cards_transformed":["Strike_R"],"player_choice":"Transformed","damage_taken":0,"max_hp_gain":0,"max_hp_loss":0,"event_name":"Transmorgrifier","floor":14,"gold_loss":0,"cards_obtained":["Flex"]}],"is_beta":false,"boss_relics":[],"items_purged_floors":[],"is_endless":false,"potions_floor_spawned":[2,6,12],"killed_by":"The Guardian","ascension_level":20}