{"gold_per_floor":[115,115,40,64,139,139,220,64,64,102,102,141,159,195,195,288,288,312,148,198,198,198,236,257,257],"floor_reached":25,"playtime":599,"items_purged":["Injury"],"score":520,"play_id":"3eca1aca-a5c9-4465-b0f2-d65b3a12b02b","local_time":"20220926223200","is_ascension_mode":true,"campfire_choices":[{"data":"Bash","floor":6,"key":"SMITH"},{"data":"Perfected Strike","floor":11,"key":"SMITH"},{"data":"Bandage Up","floor":15,"key":"SMITH"}],"neow_cost":"NONE","seed_source_timestamp":1043430371233700,"circlet_count":0,"master_deck":["AscendersBane","Strike_R+1","Strike_R","Strike_R","Strike_R+1","Strike_R","Defend_R","Defend_R","Defend_R","Defend_R","Bash+1","Twin Strike","Sentinel","Perfected Strike+1","Bandage Up+1","Exhume+1","Double Tap+1","Shrug It Off+1","Perfected Strike+1","Shame","Shrug It Off+1","Twin Strike"],"relics":["Burning Blood","NeowsBlessing","Golden Idol","Singing Bowl","Paper Frog","Toxic Egg 2","Bottled Lightning","Gremlin Horn","SlaversCollar","DollysMirror","Nilry\u0027s Codex","Question Card","Whetstone"],"potions_floor_usage":[16,18,24],"damage_taken":[{"damage":0,"enemies":"2 Louse","floor":1,"turns":2},{"damage":0,"enemies":"Jaw Worm","floor":4,"turns":1},{"damage":0,"enemies":"3 Sentries","floor":10,"turns":2},{"damage":20,"enemies":"Lagavulin","floor":12,"turns":4},{"damage":0,"enemies":"Small Slimes","floor":13,"turns":3},{"damage":8,"enemies":"Gremlin Nob","floor":14,"turns":3},{"damage":40,"enemies":"The Guardian","floor":16,"turns":10},{"damage":7,"enemies":"Chosen","floor":18,"turns":5},{"damage":12,"enemies":"Gremlin Leader","floor":23,"turns":6},{"damage":19,"enemies":"Shell Parasite","floor":24,"turns":5},{"damage":83,"enemies":"Slavers","floor":25,"turns":4}],"seed_played":"968247819135115182","potions_obtained":[{"floor":4,"key":"Weak Potion"},{"floor":13,"key":"LiquidMemories"},{"floor":16,"key":"Weak Potion"},{"floor":23,"key":"Energy Potion"}],"is_trial":false,"path_per_floor":["M","?","$","M","?","R","T","$","T","E","R","E","M","E","R","B",null,"M","$","?","?","?","E","M","E"],"character_chosen":"IRONCLAD","items_purchased":["Perfected Strike","Bandage Up","DollysMirror"],"campfire_rested":0,"item_purchase_floors":[8,8,19],"current_hp_per_floor":[74,74,74,75,64,64,64,64,64,70,70,62,78,78,78,56,75,80,80,80,59,59,65,64,0],"gold":257,"neow_bonus":"THREE_ENEMY_KILL","is_prod":false,"is_daily":false,"chose_seed":false,"campfire_upgraded":3,"win_rate":0,"timestamp":1664224320,"path_taken":["M","?","$","M","?","R","?","$","T","E","R","E","M","E","R","BOSS","M","$","?","?","?","E","M","E"],"build_version":"2022-03-07","purchased_purges":1,"victory":false,"max_hp_per_floor":[75,75,75,75,75,75,75,75,75,75,75,77,79,81,81,81,81,81,81,81,81,81,81,81,81],"card_choices":[{"not_picked":["Warcry","Anger"],"picked":"Twin Strike","floor":1},{"not_picked":["Second Wind","Clash"],"picked":"Sentinel","floor":4},{"not_picked":["Warcry+1","Twin Strike"],"picked":"Exhume+1","floor":10},{"not_picked":["Combust","Wild Strike","Flex+1"],"picked":"Singing Bowl","floor":12},{"not_picked":["Rupture","Cleave","Searing Blow"],"picked":"Singing Bowl","floor":13},{"not_picked":["Impervious+1","Havoc+1","Metallicize"],"picked":"Singing Bowl","floor":14},{"not_picked":["Demon Form","Corruption"],"picked":"Double Tap+1","floor":16},{"not_picked":["Warcry+1","Entrench+1"],"picked":"Shrug It Off+1","floor":18},{"not_picked":["Power Through+1","Entrench+1","Heavy Blade"],"picked":"Shrug It Off+1","floor":23},{"not_picked":["Evolve","Wild Strike","Warcry+1"],"picked":"Twin Strike","floor":24}],"player_experience":1926699,"relics_obtained":[{"floor":7,"key":"Singing Bowl"},{"floor":9,"key":"Paper Frog"},{"floor":10,"key":"Toxic Egg 2"},{"floor":12,"key":"Bottled Lightning"},{"floor":14,"key":"Gremlin Horn"},{"floor":21,"key":"Nilry\u0027s Codex"},{"floor":23,"key":"Whetstone"}],"event_choices":[{"damage_healed":0,"gold_gain":0,"player_choice":"Take Wound","damage_taken":0,"relics_obtained":["Golden Idol"],"max_hp_gain":0,"max_hp_loss":0,"event_name":"Golden Idol","floor":2,"gold_loss":0,"cards_obtained":["Injury"]},{"damage_healed":0,"gold_gain":75,"player_choice":"Gather Gold","damage_taken":11,"max_hp_gain":0,"max_hp_loss":0,"event_name":"World of Goop","floor":5,"gold_loss":0},{"damage_healed":0,"gold_gain":50,"player_choice":"Stole From Cult","damage_taken":0,"max_hp_gain":0,"max_hp_loss":0,"event_name":"Nest","floor":20,"gold_loss":0},{"damage_healed":0,"gold_gain":0,"player_choice":"Obtained Book","damage_taken":21,"max_hp_gain":0,"max_hp_loss":0,"event_name":"Cursed Tome","floor":21,"gold_loss":0},{"damage_healed":0,"gold_gain":0,"player_choice":"Stole Relic","damage_taken":0,"relics_obtained":["Question Card"],"max_hp_gain":0,"max_hp_loss":0,"event_name":"Addict","floor":22,"gold_loss":0,"cards_obtained":["Shame"]}],"is_beta":false,"boss_relics":[{"not_picked":["Cursed Key","Empty Cage"],"picked":"SlaversCollar"}],"items_purged_floors":[3],"is_endless":false,"potions_floor_spawned":[4,13,16,23],"killed_by":"Slavers","ascension_level":20}