{"gold_per_floor":[112,132,132,132,89,121,121,156,156,186,206,206,219,249,249,323,323,341,50,50,50,50,50,50],"floor_reached":24,"playtime":590,"items_purged":[],"score":515,"play_id":"6a9fd6ed-dfdf-4cac-ac7a-47a709e98d02","local_time":"20221024213110","is_ascension_mode":true,"campfire_choices":[{"data":"Rupture","floor":7,"key":"SMITH"},{"floor":12,"key":"REST"},{"floor":15,"key":"REST"},{"data":"Rupture","floor":23,"key":"SMITH"}],"neow_cost":"NONE","seed_source_timestamp":1320611618379100,"circlet_count":0,"master_deck":["AscendersBane","Defend_R","Defend_R","Defend_R+1","Defend_R","Bash","Sword Boomerang+1","Bloodletting","Inflame","Rupture+1","Disarm","Hemokinesis+1","Battle Trance","Bludgeon+1","Dropkick+1","Rupture+1","Writhe","Bite+1","Bite+1","Bite+1","Bite+1","Bite+1"],"relics":["Burning Blood","NeowsBlessing","The Courier","Red Skull","Kunai","Molten Egg 2","Snecko Eye","Singing Bowl","Centennial Puzzle"],"potions_floor_usage":[8,14,16,18],"damage_taken":[{"damage":0,"enemies":"Cultist","floor":1,"turns":1},{"damage":0,"enemies":"2 Louse","floor":2,"turns":1},{"damage":0,"enemies":"Gremlin Nob","floor":6,"turns":1},{"damage":45,"enemies":"3 Sentries","floor":8,"turns":9},{"damage":16,"enemies":"Lagavulin","floor":10,"turns":6},{"damage":3,"enemies":"Jaw Worm","floor":11,"turns":3},{"damage":5,"enemies":"Large Slime","floor":13,"turns":2},{"damage":9,"enemies":"Gremlin Nob","floor":14,"turns":3},{"damage":20,"enemies":"Slime Boss","floor":16,"turns":8},{"damage":2,"enemies":"Chosen","floor":18,"turns":3},{"damage":85,"enemies":"Gremlin Leader","floor":24,"turns":5}],"seed_played":"9167892468756791737","potions_obtained":[{"floor":2,"key":"Energy Potion"},{"floor":8,"key":"SteroidPotion"},{"floor":13,"key":"GamblersBrew"},{"floor":14,"key":"LiquidMemories"}],"is_trial":false,"path_per_floor":["M","M","?","?","$","E","R","E","T","E","M","R","M","E","R","B",null,"M","$","?","?","?","R","E"],"character_chosen":"IRONCLAD","items_purchased":["Inflame","Singing Bowl","Rupture"],"campfire_rested":2,"item_purchase_floors":[5,19,19],"current_hp_per_floor":[74,75,75,52,52,58,58,19,19,9,12,34,35,32,54,42,67,73,73,73,73,73,73,0],"gold":50,"neow_bonus":"THREE_ENEMY_KILL","is_prod":false,"is_daily":false,"chose_seed":false,"campfire_upgraded":2,"win_rate":0,"timestamp":1666639870,"path_taken":["M","?","?","?","$","E","R","E","T","E","M","R","M","E","R","BOSS","M","$","?","?","?","R","E"],"build_version":"2022-10-04","purchased_purges":0,"victory":false,"max_hp_per_floor":[75,75,75,75,75,75,75,75,75,75,75,75,75,75,75,75,75,75,75,75,75,75,75,75],"card_choices":[{"not_picked":["Body Slam","Pommel Strike"],"picked":"Sword Boomerang","floor":1},{"not_picked":["Wild Strike","Iron Wave"],"picked":"Bloodletting","floor":2},{"not_picked":["Impervious","Iron Wave"],"picked":"Rupture","floor":6},{"not_picked":["Reckless Charge","Power Through","Warcry"],"picked":"SKIP","floor":8},{"not_picked":["True Grit","Fire Breathing"],"picked":"Disarm","floor":10},{"not_picked":["Metallicize","Thunderclap+1"],"picked":"Hemokinesis+1","floor":11},{"not_picked":["Havoc","Cleave+1","Wild Strike+1"],"picked":"SKIP","floor":13},{"not_picked":["Headbutt+1","Wild Strike+1"],"picked":"Battle Trance","floor":14},{"not_picked":["Corruption","Fiend Fire+1"],"picked":"Bludgeon+1","floor":16},{"not_picked":["Thunderclap+1","Warcry"],"picked":"Dropkick+1","floor":18}],"player_experience":1929716,"relics_obtained":[{"floor":6,"key":"The Courier"},{"floor":8,"key":"Red Skull"},{"floor":9,"key":"Kunai"},{"floor":10,"key":"Molten Egg 2"},{"floor":14,"key":"Blood Vial"}],"event_choices":[{"damage_healed":0,"gold_gain":0,"player_choice":"Grow","damage_taken":0,"max_hp_gain":0,"max_hp_loss":0,"event_name":"Living Wall","floor":3,"gold_loss":0,"cards_upgraded":["Sword Boomerang"]},{"damage_healed":0,"gold_gain":0,"player_choice":"Entered Light","damage_taken":23,"max_hp_gain":0,"max_hp_loss":0,"event_name":"Shining Light","floor":4,"gold_loss":0,"cards_upgraded":["Defend_R","Strike_R"]},{"damage_healed":0,"gold_gain":0,"player_choice":"Opened","damage_taken":0,"relics_obtained":["Centennial Puzzle"],"max_hp_gain":0,"max_hp_loss":0,"event_name":"The Mausoleum","floor":20,"gold_loss":0,"cards_obtained":["Writhe"]},{"damage_healed":0,"gold_gain":0,"player_choice":"Ignored","damage_taken":0,"max_hp_gain":0,"max_hp_loss":0,"event_name":"Ghosts","floor":21,"gold_loss":0},{"damage_healed":0,"gold_gain":0,"player_choice":"Became a vampire (Vial)","damage_taken":0,"max_hp_gain":0,"max_hp_loss":0,"event_name":"Vampires","floor":22,"relics_lost":["Blood Vial"],"gold_loss":0,"cards_obtained":["Bite","Bite","Bite","Bite","Bite"]}],"is_beta":false,"boss_relics":[{"not_picked":["Cursed Key","Tiny House"],"picked":"Snecko Eye"}],"items_purged_floors":[],"is_endless":false,"potions_floor_spawned":[2,8,13,14],"killed_by":"Gremlin Leader","ascension_level":20}