{"gold_per_floor":[110,35,185,110,120,120,131,161,161,161,18,0,0],"floor_reached":13,"playtime":249,"items_purged":["Doubt"],"score":162,"play_id":"5a78e9e8-ea95-4b4f-b69c-0fcf00288455","local_time":"20221024213609","is_ascension_mode":true,"campfire_choices":[{"data":"Cleave","floor":6,"key":"SMITH"},{"data":"Reaper","floor":10,"key":"SMITH"}],"neow_cost":"NONE","seed_source_timestamp":1321252044959000,"circlet_count":0,"master_deck":["AscendersBane","Strike_R","Strike_R","Strike_R","Strike_R","Defend_R","Defend_R","Defend_R","Defend_R","Bash","Clash","Cleave+1","Reaper+1","True Grit","Sever Soul","Enlightenment"],"relics":["Coffee Dripper","Dead Branch","Magic Flower"],"potions_floor_usage":[13],"damage_taken":[{"damage":0,"enemies":"Jaw Worm","floor":1,"turns":3},{"damage":8,"enemies":"2 Louse","floor":5,"turns":2},{"damage":2,"enemies":"Small Slimes","floor":7,"turns":2},{"damage":45,"enemies":"Lagavulin","floor":8,"turns":6},{"damage":27,"enemies":"Gremlin Nob","floor":13,"turns":3}],"seed_played":"-2756793663411042600","potions_obtained":[{"floor":5,"key":"SpeedPotion"}],"is_trial":false,"path_per_floor":["M","?","?","$","M","R","M","E","T","R","$","?","E"],"character_chosen":"IRONCLAD","items_purchased":["Sever Soul","Enlightenment"],"campfire_rested":0,"item_purchase_floors":[11,11],"current_hp_per_floor":[68,68,68,68,60,60,58,19,19,19,19,19,0],"gold":0,"neow_bonus":"BOSS_RELIC","is_prod":false,"is_daily":false,"chose_seed":false,"campfire_upgraded":2,"win_rate":0,"timestamp":1666640169,"path_taken":["M","?","?","$","M","R","M","E","T","R","?","?","E"],"build_version":"2022-10-04","purchased_purges":1,"victory":false,"max_hp_per_floor":[75,75,75,75,75,75,75,75,75,75,75,75,75],"card_choices":[{"not_picked":["Iron Wave","Body Slam"],"picked":"Clash","floor":1},{"not_picked":["Anger","Heavy Blade"],"picked":"Cleave","floor":5},{"not_picked":["Cleave","Evolve"],"picked":"Reaper","floor":7},{"not_picked":["Shockwave","Dual Wield"],"picked":"True Grit","floor":8}],"player_experience":1930306,"relics_obtained":[{"floor":8,"key":"Dead Branch"},{"floor":9,"key":"Magic Flower"}],"event_choices":[{"cards_removed":["Strike_R"],"damage_healed":0,"gold_gain":0,"player_choice":"Card Removal","damage_taken":0,"max_hp_gain":0,"max_hp_loss":0,"event_name":"The Cleric","floor":2,"gold_loss":75},{"damage_healed":0,"gold_gain":150,"player_choice":"AGREE","damage_taken":0,"max_hp_gain":0,"max_hp_loss":0,"event_name":"Liars Game","floor":3,"gold_loss":0,"cards_obtained":["Doubt"]},{"damage_healed":0,"gold_gain":0,"player_choice":"Left Gold","damage_taken":0,"max_hp_gain":0,"max_hp_loss":0,"event_name":"World of Goop","floor":12,"gold_loss":18}],"is_beta":false,"boss_relics":[],"items_purged_floors":[4],"is_endless":false,"potions_floor_spawned":[5],"killed_by":"Gremlin Nob","ascension_level":20}