{"gold_per_floor":[117,117,132,150,150,185,195,195,195,206,233,233,39,74,74,148,148,160,160,179,179],"floor_reached":21,"playtime":1130,"items_purged":[],"score":398,"play_id":"82c9a083-7fb6-4623-9fd4-2bad6790b337","local_time":"20221102204635","is_ascension_mode":true,"campfire_choices":[{"data":"Inflame","floor":8,"key":"SMITH"},{"floor":12,"key":"REST"},{"floor":15,"key":"REST"}],"neow_cost":"NONE","seed_source_timestamp":454522404290600,"circlet_count":0,"master_deck":["AscendersBane","Strike_R+1","Strike_R+1","Strike_R+1","Defend_R+1","Defend_R+1","Defend_R+1","Defend_R+1","Bash","Inflame+1","Disarm","Sword Boomerang","Rampage","Fire Breathing","Shrug It Off","Reckless Charge","Shrug It Off","Double Tap","Feel No Pain","Sword Boomerang+1"],"relics":["Black Blood","NeowsBlessing","Prayer Wheel","FossilizedHelix","Shuriken","Strawberry","Paper Frog"],"potions_floor_usage":[10,16,21],"damage_taken":[{"damage":0,"enemies":"Small Slimes","floor":1,"turns":1},{"damage":0,"enemies":"Cultist","floor":3,"turns":1},{"damage":0,"enemies":"2 Louse","floor":4,"turns":2},{"damage":31,"enemies":"Lagavulin","floor":6,"turns":7},{"damage":22,"enemies":"Exordium Thugs","floor":7,"turns":6},{"damage":0,"enemies":"2 Fungi Beasts","floor":10,"turns":3},{"damage":25,"enemies":"3 Sentries","floor":11,"turns":6},{"damage":35,"enemies":"Gremlin Nob","floor":14,"turns":5},{"damage":21,"enemies":"The Guardian","floor":16,"turns":11},{"damage":0,"enemies":"Chosen","floor":18,"turns":5},{"damage":11,"enemies":"Spheric Guardian","floor":20,"turns":4},{"damage":84,"enemies":"Masked Bandits","floor":21,"turns":5}],"seed_played":"1781204199303070907","potions_obtained":[{"floor":1,"key":"ElixirPotion"},{"floor":3,"key":"Fire Potion"},{"floor":14,"key":"SkillPotion"},{"floor":16,"key":"SteroidPotion"}],"is_trial":false,"path_per_floor":["M","?","M","M","?","E","M","R","T","M","E","R","$","E","R","B",null,"M","?","M","?"],"character_chosen":"IRONCLAD","items_purchased":["Shrug It Off","Strawberry"],"campfire_rested":2,"item_purchase_floors":[13,13],"current_hp_per_floor":[74,74,75,75,75,50,34,34,34,40,21,43,50,21,45,30,69,81,81,82,0],"gold":179,"neow_bonus":"THREE_ENEMY_KILL","is_prod":false,"is_daily":false,"chose_seed":false,"campfire_upgraded":1,"win_rate":0,"timestamp":1667418395,"path_taken":["M","?","M","?","?","E","M","R","T","M","E","R","$","E","R","BOSS","M","?","M","?"],"build_version":"2022-10-04","purchased_purges":0,"victory":false,"max_hp_per_floor":[75,75,75,75,75,75,75,75,75,75,75,75,82,82,82,82,82,82,82,82,82],"card_choices":[{"not_picked":["Shockwave","Thunderclap"],"picked":"Inflame","floor":1},{"not_picked":["Thunderclap","Intimidate"],"picked":"Sword Boomerang","floor":3},{"not_picked":["Anger","Headbutt"],"picked":"Rampage","floor":4},{"not_picked":["Warcry","Rage"],"picked":"Shrug It Off","floor":6},{"not_picked":["Battle Trance","Havoc","Heavy Blade"],"picked":"SKIP","floor":7},{"not_picked":["Searing Blow","Clothesline","Perfected Strike"],"picked":"SKIP","floor":7},{"not_picked":["Thunderclap","Armaments","Burning Pact"],"picked":"SKIP","floor":10},{"not_picked":["Battle Trance","Searing Blow","Entrench"],"picked":"SKIP","floor":10},{"not_picked":["Pommel Strike","Battle Trance"],"picked":"Reckless Charge","floor":11},{"not_picked":["Whirlwind","Immolate","Anger"],"picked":"SKIP","floor":14},{"not_picked":["Feed","Offering"],"picked":"Double Tap","floor":16},{"not_picked":["Bloodletting","Flex"],"picked":"Feel No Pain","floor":18},{"not_picked":["Combust","Shrug It Off"],"picked":"Sword Boomerang+1","floor":18},{"not_picked":["Shrug It Off","Perfected Strike+1","Bloodletting"],"picked":"SKIP","floor":20},{"not_picked":["Infernal Blade","Wild Strike","Spot Weakness"],"picked":"SKIP","floor":20}],"player_experience":1932120,"relics_obtained":[{"floor":6,"key":"Prayer Wheel"},{"floor":9,"key":"FossilizedHelix"},{"floor":11,"key":"Shuriken"},{"floor":14,"key":"Paper Frog"}],"event_choices":[{"damage_healed":0,"gold_gain":0,"cards_transformed":["Strike_R"],"player_choice":"Transformed","damage_taken":0,"max_hp_gain":0,"max_hp_loss":0,"event_name":"Transmorgrifier","floor":2,"gold_loss":0,"cards_obtained":["Disarm"]},{"damage_healed":0,"gold_gain":0,"cards_transformed":["Strike_R"],"player_choice":"Change","damage_taken":0,"max_hp_gain":0,"max_hp_loss":0,"event_name":"Living Wall","floor":5,"gold_loss":0,"cards_obtained":["Fire Breathing"]},{"damage_healed":0,"gold_gain":0,"player_choice":"Simplicity","damage_taken":0,"max_hp_gain":0,"max_hp_loss":0,"event_name":"Back to Basics","floor":19,"gold_loss":0,"cards_upgraded":["Strike_R","Strike_R","Strike_R","Defend_R","Defend_R","Defend_R","Defend_R"]},{"damage_healed":0,"gold_gain":0,"player_choice":"Fought Bandits","damage_taken":0,"max_hp_gain":0,"max_hp_loss":0,"event_name":"Masked Bandits","floor":21,"gold_loss":0}],"is_beta":false,"boss_relics":[{"not_picked":["Pandora\u0027s Box","Empty Cage"],"picked":"Black Blood"}],"items_purged_floors":[],"is_endless":false,"potions_floor_spawned":[1,3,14,16],"killed_by":"Masked Bandits","ascension_level":20}