{"gold_per_floor":[118,118,132,132,157,157,232,63,63,63,63,63,97,113,113,212,212,232,232,284,303,353,353],"floor_reached":23,"playtime":472,"items_purged":[],"score":374,"play_id":"c196af17-7c19-4c41-9fb5-842b8d8eac93","local_time":"20221127165744","is_ascension_mode":true,"campfire_choices":[{"data":"Searing Blow","floor":6,"key":"SMITH"},{"data":"Searing Blow+1","floor":10,"key":"SMITH"},{"data":"Searing Blow+2","floor":12,"key":"SMITH"},{"data":"Searing Blow+3","floor":15,"key":"SMITH"}],"neow_cost":"NONE","seed_source_timestamp":629451412680100,"circlet_count":0,"master_deck":["AscendersBane","Strike_R","Strike_R","Strike_R","Strike_R+1","Strike_R","Defend_R","Defend_R","Defend_R+1","Defend_R","Bash","Twin Strike","Searing Blow+4","Juggernaut","Iron Wave+1"],"relics":["Burning Blood","NeowsBlessing","Golden Idol","Medical Kit","Tiny Chest","The Courier","Black Star","Oddly Smooth Stone"],"potions_floor_usage":[16,21,23],"damage_taken":[{"damage":0,"enemies":"Jaw Worm","floor":1,"turns":1},{"damage":0,"enemies":"Small Slimes","floor":3,"turns":1},{"damage":0,"enemies":"Cultist","floor":5,"turns":1},{"damage":32,"enemies":"Gremlin Nob","floor":13,"turns":4},{"damage":13,"enemies":"Blue Slaver","floor":14,"turns":2},{"damage":18,"enemies":"Slime Boss","floor":16,"turns":7},{"damage":24,"enemies":"Spheric Guardian","floor":18,"turns":5},{"damage":28,"enemies":"3 Byrds","floor":21,"turns":6},{"damage":25,"enemies":"Slavers","floor":23,"turns":1}],"seed_played":"8568882577974965296","potions_obtained":[{"floor":5,"key":"PowerPotion"},{"floor":16,"key":"EssenceOfSteel"},{"floor":18,"key":"GamblersBrew"}],"is_trial":false,"path_per_floor":["M","?","M","?","M","R","?","$","T","R","?","R","E","M","R","B",null,"M","?","T","M","?","E"],"character_chosen":"IRONCLAD","items_purchased":["Medical Kit"],"campfire_rested":0,"item_purchase_floors":[8],"current_hp_per_floor":[74,51,57,57,63,63,52,52,52,52,52,52,26,19,19,7,58,40,40,40,18,18,0],"gold":353,"neow_bonus":"THREE_ENEMY_KILL","is_prod":false,"is_daily":false,"chose_seed":false,"campfire_upgraded":4,"win_rate":0,"timestamp":1669564664,"path_taken":["M","?","M","?","M","R","?","$","T","R","?","R","E","?","R","BOSS","M","?","?","M","?","E"],"build_version":"2022-10-04","purchased_purges":0,"victory":false,"max_hp_per_floor":[75,75,75,75,75,75,75,75,75,75,75,75,75,75,75,75,75,75,75,75,75,75,75],"card_choices":[{"not_picked":["Rage","Anger"],"picked":"Twin Strike","floor":1},{"not_picked":["Pummel","Iron Wave"],"picked":"Searing Blow","floor":3},{"not_picked":["Sever Soul","Anger","Body Slam"],"picked":"SKIP","floor":5},{"not_picked":["Reaper","Cleave","Pommel Strike"],"picked":"SKIP","floor":13},{"not_picked":["Rupture","True Grit","Rage"],"picked":"SKIP","floor":14},{"not_picked":["Brutality","Demon Form"],"picked":"Juggernaut","floor":16},{"not_picked":["Clothesline","Thunderclap","Anger"],"picked":"SKIP","floor":18},{"not_picked":["Uppercut","Carnage"],"picked":"Iron Wave+1","floor":21}],"player_experience":1962918,"relics_obtained":[{"floor":9,"key":"Tiny Chest"},{"floor":13,"key":"The Courier"},{"floor":20,"key":"Oddly Smooth Stone"}],"event_choices":[{"damage_healed":0,"gold_gain":0,"player_choice":"Entered Light","damage_taken":23,"max_hp_gain":0,"max_hp_loss":0,"event_name":"Shining Light","floor":2,"gold_loss":0,"cards_upgraded":["Defend_R","Strike_R"]},{"damage_healed":0,"gold_gain":0,"player_choice":"Take Wound","damage_taken":0,"relics_obtained":["Golden Idol"],"max_hp_gain":0,"max_hp_loss":0,"event_name":"Golden Idol","floor":4,"gold_loss":0,"cards_obtained":["Injury"]},{"damage_healed":0,"gold_gain":75,"player_choice":"Gather Gold","damage_taken":11,"max_hp_gain":0,"max_hp_loss":0,"event_name":"World of Goop","floor":7,"gold_loss":0},{"cards_removed":["Injury"],"damage_healed":0,"gold_gain":0,"player_choice":"Purged","damage_taken":0,"max_hp_gain":0,"max_hp_loss":0,"event_name":"Purifier","floor":11,"gold_loss":0},{"damage_healed":0,"gold_gain":0,"player_choice":"0 cards matched","damage_taken":0,"max_hp_gain":0,"max_hp_loss":0,"event_name":"Match and Keep!","floor":19,"gold_loss":0,"cards_obtained":[]},{"damage_healed":0,"gold_gain":50,"player_choice":"Stole From Cult","damage_taken":0,"max_hp_gain":0,"max_hp_loss":0,"event_name":"Nest","floor":22,"gold_loss":0}],"is_beta":false,"boss_relics":[{"not_picked":["Astrolabe","Empty Cage"],"picked":"Black Star"}],"items_purged_floors":[],"is_endless":false,"potions_floor_spawned":[5,16,18],"killed_by":"Slavers","ascension_level":20}