{"gold_per_floor":[19,19,19,36,36,71,71,86,86,86,103,103,138,153,153,230,230,250,250,6,6,17,17,17],"floor_reached":24,"playtime":613,"items_purged":["Strike_R"],"score":458,"play_id":"7b570e50-6c32-4b83-8ac5-a0945c41d3a1","local_time":"20221221211508","is_ascension_mode":true,"campfire_choices":[{"floor":7,"key":"REST"},{"data":"Wild Strike","floor":12,"key":"SMITH"},{"data":"Bash","floor":15,"key":"SMITH"},{"floor":23,"key":"REST"}],"neow_cost":"NO_GOLD","seed_source_timestamp":14396231007200,"circlet_count":0,"master_deck":["AscendersBane","Strike_R","Defend_R","Defend_R","Defend_R","Defend_R","Bash+1","Hemokinesis","Wild Strike+1","Fire Breathing+1","Spot Weakness+1","Ghostly Armor+1","Parasite","Berserk","Disarm+1","Necronomicurse"],"relics":["Burning Blood","StrikeDummy","Toxic Egg 2","Pear","PreservedInsect","Runic Cube","Necronomicon","Vajra","NlothsMask"],"potions_floor_usage":[13,24],"damage_taken":[{"damage":3,"enemies":"Cultist","floor":1,"turns":3},{"damage":2,"enemies":"2 Louse","floor":4,"turns":2},{"damage":29,"enemies":"Lagavulin","floor":6,"turns":6},{"damage":0,"enemies":"Small Slimes","floor":8,"turns":2},{"damage":8,"enemies":"Looter","floor":11,"turns":2},{"damage":2,"enemies":"Gremlin Nob","floor":13,"turns":3},{"damage":3,"enemies":"Blue Slaver","floor":14,"turns":3},{"damage":47,"enemies":"Hexaghost","floor":16,"turns":8},{"damage":25,"enemies":"Spheric Guardian","floor":18,"turns":5},{"damage":32,"enemies":"Shell Parasite","floor":22,"turns":4},{"damage":54,"enemies":"Book of Stabbing","floor":24,"turns":6}],"seed_played":"-8793758168452136666","potions_obtained":[{"floor":8,"key":"Fire Potion"},{"floor":11,"key":"Ancient Potion"},{"floor":13,"key":"BloodPotion"}],"is_trial":false,"path_per_floor":["M","?","?","M","?","E","R","M","T","?","M","R","E","M","R","B",null,"M","?","$","?","M","R","E"],"character_chosen":"IRONCLAD","items_purchased":["Vajra"],"campfire_rested":2,"item_purchase_floors":[20],"current_hp_per_floor":[71,71,45,49,49,26,48,54,64,85,83,83,85,85,85,44,75,56,35,35,35,9,34,0],"gold":17,"neow_bonus":"TRANSFORM_TWO_CARDS","is_prod":false,"is_daily":false,"chose_seed":false,"campfire_upgraded":2,"win_rate":0,"timestamp":1671653708,"path_taken":["M","?","?","M","?","E","R","?","T","?","M","R","E","M","R","BOSS","M","?","$","?","M","R","E"],"build_version":"2022-12-18","purchased_purges":1,"victory":false,"max_hp_per_floor":[75,75,75,75,75,75,75,75,85,85,85,85,85,85,85,85,85,85,85,85,85,85,85,85],"card_choices":[{"not_picked":["Iron Wave","Anger","Clothesline"],"picked":"SKIP","floor":1},{"not_picked":["Flex","Blood for Blood"],"picked":"Fire Breathing","floor":4},{"not_picked":["Brutality","Impervious+1"],"picked":"Spot Weakness+1","floor":6},{"not_picked":["Wild Strike","True Grit+1"],"picked":"Ghostly Armor+1","floor":8},{"not_picked":["Pommel Strike","Clothesline","Twin Strike"],"picked":"SKIP","floor":11},{"not_picked":["Bludgeon","Iron Wave","Flex+1"],"picked":"SKIP","floor":13},{"not_picked":["Ghostly Armor+1","Clothesline","Intimidate+1"],"picked":"SKIP","floor":14},{"not_picked":["Juggernaut","Feed"],"picked":"Berserk","floor":16},{"not_picked":["Armaments+1","Thunderclap"],"picked":"Disarm+1","floor":18},{"not_picked":["Carnage","Armaments+1","Clothesline"],"picked":"SKIP","floor":22}],"player_experience":1976290,"relics_obtained":[{"floor":6,"key":"Toxic Egg 2"},{"floor":9,"key":"Pear"},{"floor":13,"key":"PreservedInsect"},{"floor":19,"key":"Necronomicon"}],"event_choices":[{"cards_removed":["Strike_R"],"damage_healed":0,"gold_gain":0,"player_choice":"Forget","damage_taken":0,"max_hp_gain":0,"max_hp_loss":0,"event_name":"Living Wall","floor":2,"gold_loss":0},{"damage_healed":0,"gold_gain":0,"player_choice":"Success","damage_taken":26,"relics_obtained":["StrikeDummy"],"max_hp_gain":0,"max_hp_loss":0,"event_name":"Scrap Ooze","floor":3,"gold_loss":0},{"damage_healed":0,"gold_gain":0,"player_choice":"Upgraded","damage_taken":0,"max_hp_gain":0,"max_hp_loss":0,"event_name":"Upgrade Shrine","floor":5,"gold_loss":0,"cards_upgraded":["Fire Breathing"]},{"damage_healed":21,"gold_gain":0,"player_choice":"Healed and dodged fight","damage_taken":0,"max_hp_gain":0,"max_hp_loss":0,"event_name":"Mushrooms","floor":10,"gold_loss":0,"cards_obtained":["Parasite"]},{"damage_healed":0,"gold_gain":0,"player_choice":"Obtained Book","damage_taken":21,"max_hp_gain":0,"max_hp_loss":0,"event_name":"Cursed Tome","floor":19,"gold_loss":0},{"damage_healed":0,"gold_gain":0,"player_choice":"Trade","damage_taken":0,"relics_obtained":["NlothsMask"],"max_hp_gain":0,"max_hp_loss":0,"event_name":"FaceTrader","floor":21,"gold_loss":0}],"is_beta":false,"boss_relics":[{"not_picked":["Velvet Choker","Fusion Hammer"],"picked":"Runic Cube"}],"items_purged_floors":[20],"is_endless":false,"potions_floor_spawned":[8,11,13,14,22],"killed_by":"Book of Stabbing","ascension_level":20}