{"gold_per_floor":[115,132,57,57,57,57,95,120,120,140,179,31,45,45,45,140,140,161,436,452,129,129],"floor_reached":22,"playtime":606,"items_purged":["Regret"],"score":438,"play_id":"01c44d5a-9413-4c85-aa77-c360800ddda2","local_time":"20221219181345","is_ascension_mode":true,"campfire_choices":[{"data":"Clothesline","floor":6,"key":"SMITH"},{"data":"Apotheosis","floor":15,"key":"SMITH"}],"neow_cost":"NONE","seed_source_timestamp":2534709302855800,"circlet_count":0,"master_deck":["AscendersBane","Strike_R","Strike_R","Strike_R","Strike_R","Defend_R","Defend_R","Defend_R","Defend_R","Bash","Clothesline+1","Ghostly Armor","Spot Weakness","Apotheosis+1","Sword Boomerang","Barricade","Rage+1"],"relics":["Burning Blood","NeowsBlessing","Golden Idol","The Courier","Smiling Mask","Bag of Marbles","Question Card","Runic Pyramid","CaptainsWheel"],"potions_floor_usage":[13,16,18,20],"damage_taken":[{"damage":0,"enemies":"2 Louse","floor":1,"turns":1},{"damage":0,"enemies":"Small Slimes","floor":2,"turns":1},{"damage":0,"enemies":"Gremlin Nob","floor":7,"turns":1},{"damage":5,"enemies":"Cultist","floor":8,"turns":6},{"damage":6,"enemies":"Looter","floor":10,"turns":3},{"damage":42,"enemies":"Lagavulin","floor":11,"turns":8},{"damage":2,"enemies":"Exordium Thugs","floor":13,"turns":6},{"damage":42,"enemies":"Slime Boss","floor":16,"turns":12},{"damage":22,"enemies":"Spheric Guardian","floor":18,"turns":6},{"damage":37,"enemies":"Shell Parasite","floor":20,"turns":4},{"damage":13,"enemies":"Centurion and Healer","floor":22,"turns":6}],"seed_played":"5971854722136701325","potions_obtained":[{"floor":1,"key":"SteroidPotion"},{"floor":2,"key":"SpeedPotion"},{"floor":11,"key":"Block Potion"},{"floor":13,"key":"BloodPotion"},{"floor":18,"key":"Energy Potion"}],"is_trial":false,"path_per_floor":["M","M","?","?","?","R","E","M","T","M","E","$","M","?","R","B",null,"M","?","M","$","M"],"character_chosen":"IRONCLAD","items_purchased":["Apotheosis","CaptainsWheel"],"campfire_rested":0,"item_purchase_floors":[12,21],"current_hp_per_floor":[74,75,75,75,75,75,75,75,75,75,39,39,43,36,36,15,60,44,44,13,13,0],"gold":129,"neow_bonus":"THREE_ENEMY_KILL","is_prod":false,"is_daily":false,"chose_seed":false,"campfire_upgraded":2,"win_rate":0,"timestamp":1671470025,"path_taken":["M","M","?","?","?","R","E","M","T","M","E","$","?","?","R","BOSS","M","?","?","$","M"],"build_version":"2022-12-01","purchased_purges":1,"victory":false,"max_hp_per_floor":[75,75,75,75,75,75,75,75,75,75,75,75,75,75,75,75,75,75,75,75,75,75],"card_choices":[{"not_picked":["Rage","Heavy Blade"],"picked":"Clothesline","floor":1},{"not_picked":["Iron Wave","Hemokinesis","Rampage"],"picked":"SKIP","floor":2},{"not_picked":["Flex","Perfected Strike"],"picked":"Ghostly Armor","floor":7},{"not_picked":["Armaments","Bloodletting"],"picked":"Spot Weakness","floor":8},{"not_picked":["Twin Strike","Headbutt","Intimidate"],"picked":"SKIP","floor":10},{"not_picked":["Body Slam","Headbutt","Exhume"],"picked":"SKIP","floor":11},{"not_picked":["Blood for Blood","Seeing Red","Iron Wave"],"picked":"Sword Boomerang","floor":13},{"not_picked":["Impervious","Fiend Fire","Berserk"],"picked":"Barricade","floor":16},{"not_picked":["Burning Pact+1","Cleave","True Grit+1","Heavy Blade+1"],"picked":"SKIP","floor":18},{"not_picked":["Fire Breathing","Thunderclap","Evolve"],"picked":"Rage+1","floor":20}],"player_experience":1975346,"relics_obtained":[{"floor":7,"key":"Smiling Mask"},{"floor":9,"key":"Bag of Marbles"},{"floor":11,"key":"Question Card"}],"event_choices":[{"cards_removed":["Strike_R"],"damage_healed":0,"gold_gain":0,"player_choice":"Card Removal","damage_taken":0,"max_hp_gain":0,"max_hp_loss":0,"event_name":"The Cleric","floor":3,"gold_loss":75},{"damage_healed":0,"gold_gain":0,"player_choice":"Take Wound","damage_taken":0,"relics_obtained":["Golden Idol"],"max_hp_gain":0,"max_hp_loss":0,"event_name":"Golden Idol","floor":4,"gold_loss":0,"cards_obtained":["Injury"]},{"damage_healed":0,"gold_gain":0,"player_choice":"Gave Potion","damage_taken":0,"relics_obtained":["The Courier"],"max_hp_gain":0,"max_hp_loss":0,"event_name":"WeMeetAgain","floor":5,"gold_loss":0},{"cards_removed":["Injury"],"damage_healed":0,"gold_gain":0,"player_choice":"Card Removal","damage_taken":7,"max_hp_gain":0,"max_hp_loss":0,"event_name":"Golden Wing","floor":14,"gold_loss":0},{"damage_healed":0,"gold_gain":275,"player_choice":"Desecrate","damage_taken":0,"max_hp_gain":0,"max_hp_loss":0,"event_name":"Golden Shrine","floor":19,"gold_loss":0,"cards_obtained":["Regret"]}],"is_beta":false,"boss_relics":[{"not_picked":["SlaversCollar","Philosopher\u0027s Stone"],"picked":"Runic Pyramid"}],"items_purged_floors":[21],"is_endless":false,"potions_floor_spawned":[1,2,11,13,18],"killed_by":"Centurion and Healer","ascension_level":20}