{"gold_per_floor":[114,189,189,25,43,76,76,102,102,130,141,151,151,55,55,130,130,143,143,143,156,175,175,209,223,223,223,223],"floor_reached":28,"playtime":832,"items_purged":[],"score":512,"play_id":"e8658000-2a28-4f67-972e-4b908d4a59ad","local_time":"20230105234247","is_ascension_mode":true,"campfire_choices":[{"data":"Bash","floor":7,"key":"SMITH"},{"data":"Dual Wield","floor":13,"key":"SMITH"},{"data":"Evolve","floor":15,"key":"SMITH"},{"data":"Inflame","floor":23,"key":"SMITH"},{"data":"Inflame","floor":27,"key":"SMITH"}],"neow_cost":"TEN_PERCENT_HP_LOSS","seed_source_timestamp":1319053682249400,"circlet_count":0,"master_deck":["AscendersBane","Strike_R+1","Strike_R+1","Strike_R+1","Strike_R+1","Strike_R+1","Defend_R+1","Defend_R+1","Defend_R+1","Defend_R+1","Bash+1","Fiend Fire+1","Dropkick","Dual Wield+1","Evolve+1","Shrug It Off","Immolate","Inflame+1","Body Slam+1","Inflame+1"],"relics":["Black Blood","Sling","Meat on the Bone","Happy Flower","Potion Belt","Pantograph","Molten Egg 2","Singing Bowl"],"potions_floor_usage":[10,12,18,18,21,24],"damage_taken":[{"damage":0,"enemies":"2 Louse","floor":1,"turns":2},{"damage":7,"enemies":"Jaw Worm","floor":5,"turns":3},{"damage":30,"enemies":"Lagavulin","floor":6,"turns":5},{"damage":8,"enemies":"Gremlin Nob","floor":8,"turns":3},{"damage":30,"enemies":"3 Sentries","floor":10,"turns":6},{"damage":2,"enemies":"Small Slimes","floor":11,"turns":3},{"damage":8,"enemies":"Looter","floor":12,"turns":2},{"damage":67,"enemies":"The Guardian","floor":16,"turns":12},{"damage":41,"enemies":"Shell Parasite","floor":18,"turns":9},{"damage":0,"enemies":"Spheric Guardian","floor":21,"turns":3},{"damage":19,"enemies":"Centurion and Healer","floor":22,"turns":7},{"damage":27,"enemies":"Book of Stabbing","floor":24,"turns":3},{"damage":40,"enemies":"Cultist and Chosen","floor":25,"turns":6},{"damage":35,"enemies":"Sentry and Sphere","floor":28,"turns":3}],"seed_played":"-7883031289719957267","potions_obtained":[{"floor":8,"key":"Energy Potion"},{"floor":11,"key":"SkillPotion"},{"floor":12,"key":"ColorlessPotion"},{"floor":16,"key":"EssenceOfSteel"},{"floor":18,"key":"AttackPotion"},{"floor":21,"key":"Regen Potion"},{"floor":22,"key":"FearPotion"}],"is_trial":false,"path_per_floor":["M","?","?","$","M","E","R","E","T","E","M","M","R","$","R","B",null,"M","?","?","M","M","R","E","M","T","R","M"],"character_chosen":"IRONCLAD","items_purchased":["Sling","Evolve","Shrug It Off"],"campfire_rested":0,"item_purchase_floors":[4,14,14],"current_hp_per_floor":[68,57,57,57,56,32,32,42,42,30,46,44,44,44,44,19,56,39,39,39,51,56,56,50,34,34,34,0],"gold":223,"neow_bonus":"THREE_RARE_CARDS","is_prod":false,"is_daily":false,"chose_seed":false,"campfire_upgraded":5,"win_rate":0,"timestamp":1672958567,"path_taken":["M","?","?","?","M","E","R","E","T","E","M","M","R","?","R","BOSS","M","?","?","M","M","R","E","M","T","R","M"],"build_version":"2022-12-18","purchased_purges":0,"victory":false,"max_hp_per_floor":[68,68,68,68,68,68,68,68,68,68,68,68,68,68,68,68,68,68,68,68,68,68,68,68,68,68,68,68],"card_choices":[{"not_picked":["Offering","Corruption"],"picked":"Fiend Fire","floor":0},{"not_picked":["Wild Strike","Cleave","Uppercut"],"picked":"SKIP","floor":1},{"not_picked":["Wild Strike","Headbutt"],"picked":"Dropkick","floor":5},{"not_picked":["Hemokinesis","Combust","Brutality"],"picked":"SKIP","floor":6},{"not_picked":["Intimidate","Combust","Carnage"],"picked":"SKIP","floor":8},{"not_picked":["Sever Soul","Clash"],"picked":"Dual Wield","floor":10},{"not_picked":["Power Through","Flex","Thunderclap"],"picked":"SKIP","floor":11},{"not_picked":["Clothesline","Reaper","Reckless Charge"],"picked":"SKIP","floor":12},{"not_picked":["Berserk","Offering"],"picked":"Immolate","floor":16},{"not_picked":["Searing Blow","Clothesline","Armaments"],"picked":"SKIP","floor":18},{"not_picked":["Sword Boomerang","Iron Wave"],"picked":"Body Slam+1","floor":21},{"not_picked":["True Grit","Dark Embrace"],"picked":"Inflame","floor":22},{"not_picked":["Demon Form","Iron Wave+1","Havoc"],"picked":"SKIP","floor":24},{"not_picked":["True Grit","Rupture","Iron Wave+1"],"picked":"SKIP","floor":25}],"player_experience":1980247,"relics_obtained":[{"floor":6,"key":"Meat on the Bone"},{"floor":8,"key":"Happy Flower"},{"floor":9,"key":"Potion Belt"},{"floor":10,"key":"Pantograph"},{"floor":24,"key":"Molten Egg 2"},{"floor":26,"key":"Singing Bowl"}],"event_choices":[{"damage_healed":0,"gold_gain":75,"player_choice":"Gather Gold","damage_taken":11,"max_hp_gain":0,"max_hp_loss":0,"event_name":"World of Goop","floor":2,"gold_loss":0},{"damage_healed":0,"gold_gain":0,"player_choice":"Grow","damage_taken":0,"max_hp_gain":0,"max_hp_loss":0,"event_name":"Living Wall","floor":3,"gold_loss":0,"cards_upgraded":["Fiend Fire"]},{"damage_healed":0,"gold_gain":0,"player_choice":"Read","damage_taken":0,"max_hp_gain":0,"max_hp_loss":0,"event_name":"The Library","floor":19,"gold_loss":0,"cards_obtained":["Inflame"]},{"damage_healed":0,"gold_gain":0,"player_choice":"Simplicity","damage_taken":0,"max_hp_gain":0,"max_hp_loss":0,"event_name":"Back to Basics","floor":20,"gold_loss":0,"cards_upgraded":["Strike_R","Strike_R","Strike_R","Strike_R","Strike_R","Defend_R","Defend_R","Defend_R","Defend_R"]}],"is_beta":false,"boss_relics":[{"not_picked":["Runic Cube","Philosopher\u0027s Stone"],"picked":"Black Blood"}],"items_purged_floors":[],"is_endless":false,"potions_floor_spawned":[8,11,12,16,18,21,22],"killed_by":"Sentry and Sphere","ascension_level":20}