{"gold_per_floor":[119,119,138,118,134,159,159,171,244,244,22,42,68,68],"floor_reached":14,"playtime":341,"items_purged":[],"score":180,"play_id":"257a96ca-95e3-4ffa-9e56-714c00276227","local_time":"20230105232356","is_ascension_mode":true,"campfire_choices":[{"data":"Double Tap","floor":7,"key":"SMITH"},{"floor":10,"key":"REST"}],"neow_cost":"NONE","seed_source_timestamp":1318413146471600,"circlet_count":0,"master_deck":["AscendersBane","Strike_R","Strike_R","Strike_R","Strike_R","Strike_R","Defend_R","Defend_R","Defend_R","Defend_R","Bash","Sword Boomerang","Double Tap+1","Thunderclap","Madness+1","Dropkick","Spot Weakness+1"],"relics":["Velvet Choker","Gambling Chip","Toxic Egg 2","Membership Card","Odd Mushroom"],"potions_floor_usage":[6,8,13,13,13,14],"damage_taken":[{"damage":3,"enemies":"2 Louse","floor":1,"turns":3},{"damage":0,"enemies":"Cultist","floor":3,"turns":2},{"damage":2,"enemies":"Small Slimes","floor":5,"turns":3},{"damage":32,"enemies":"Gremlin Nob","floor":6,"turns":4},{"damage":8,"enemies":"Blue Slaver","floor":8,"turns":3},{"damage":11,"enemies":"Looter","floor":12,"turns":2},{"damage":15,"enemies":"The Mushroom Lair","floor":13,"turns":4},{"damage":34,"enemies":"Lagavulin Event","floor":14,"turns":3}],"seed_played":"5173149171767643847","potions_obtained":[{"floor":3,"key":"FearPotion"},{"floor":4,"key":"DuplicationPotion"},{"floor":6,"key":"EntropicBrew"},{"floor":12,"key":"LiquidBronze"}],"is_trial":false,"path_per_floor":["M","?","M","?","M","E","R","M","T","R","$","M","?","?"],"character_chosen":"IRONCLAD","items_purchased":["Membership Card","Madness+1"],"campfire_rested":1,"item_purchase_floors":[11,11],"current_hp_per_floor":[65,65,65,65,63,31,31,23,23,45,45,34,19,0],"gold":68,"neow_bonus":"BOSS_RELIC","is_prod":false,"is_daily":false,"chose_seed":false,"campfire_upgraded":1,"win_rate":0,"timestamp":1672957436,"path_taken":["M","?","M","?","M","E","R","?","T","R","$","M","?","?"],"build_version":"2022-12-18","purchased_purges":0,"victory":false,"max_hp_per_floor":[75,75,75,75,75,75,75,75,75,75,75,75,75,75],"card_choices":[{"not_picked":["Headbutt","Anger","Heavy Blade"],"picked":"SKIP","floor":1},{"not_picked":["Body Slam","Twin Strike"],"picked":"Sword Boomerang","floor":3},{"not_picked":["Anger","Sever Soul"],"picked":"Double Tap","floor":5},{"not_picked":["Burning Pact","Reckless Charge"],"picked":"Thunderclap","floor":6},{"not_picked":["Twin Strike","Iron Wave","True Grit"],"picked":"SKIP","floor":8},{"not_picked":["Fire Breathing","Twin Strike"],"picked":"Dropkick","floor":12},{"not_picked":["Headbutt","Pommel Strike"],"picked":"Spot Weakness+1","floor":13}],"player_experience":1979638,"relics_obtained":[{"floor":6,"key":"Gambling Chip"},{"floor":9,"key":"Toxic Egg 2"},{"floor":13,"key":"Odd Mushroom"}],"event_choices":[{"damage_healed":0,"gold_gain":0,"player_choice":"Ignored","damage_taken":0,"max_hp_gain":0,"max_hp_loss":0,"event_name":"Shining Light","floor":2,"gold_loss":0},{"damage_healed":0,"gold_gain":0,"player_choice":"Bought 1 Potion","damage_taken":0,"max_hp_gain":0,"max_hp_loss":0,"event_name":"The Woman in Blue","floor":4,"gold_loss":0},{"damage_healed":0,"gold_gain":0,"player_choice":"Fought Mushrooms","damage_taken":0,"max_hp_gain":0,"max_hp_loss":0,"event_name":"Mushrooms","floor":13,"gold_loss":0},{"damage_healed":0,"gold_gain":0,"player_choice":"Searched \u00271\u0027 times","damage_taken":0,"max_hp_gain":0,"max_hp_loss":0,"event_name":"Dead Adventurer","floor":14,"gold_loss":0}],"is_beta":false,"boss_relics":[],"items_purged_floors":[],"is_endless":false,"potions_floor_spawned":[3,6,12],"killed_by":"Lagavulin Event","ascension_level":20}