{"gold_per_floor":[112,18,18,18,18,48,48,80,80,97,97,124,138,36,36,110,110,126,138,138,88,11,44,63,63,136,136],"floor_reached":27,"playtime":823,"items_purged":[],"score":494,"play_id":"fd49a1e8-71a0-4d59-89d8-fe33e04619f6","local_time":"20230115200105","is_ascension_mode":true,"campfire_choices":[{"data":"Metamorphosis","floor":7,"key":"SMITH"},{"floor":15,"key":"REST"},{"floor":25,"key":"REST"}],"neow_cost":"TEN_PERCENT_HP_LOSS","seed_source_timestamp":435235809007400,"circlet_count":0,"master_deck":["AscendersBane","Strike_R+1","Strike_R+1","Strike_R+1","Strike_R+1","Defend_R+1","Defend_R+1","Defend_R+1","Defend_R+1","Bash","Metamorphosis+1","Fire Breathing","Discovery+1","Metallicize+1","Finesse","Berserk+1","Dropkick"],"relics":["Burning Blood","Kunai","Ornamental Fan","Frozen Egg 2","Ginger","Incense Burner","Runic Cube","Happy Flower","Bottled Flame"],"potions_floor_usage":[6,10,16,18,23,23],"damage_taken":[{"damage":1,"enemies":"Cultist","floor":1,"turns":3},{"damage":9,"enemies":"Gremlin Nob","floor":6,"turns":3},{"damage":27,"enemies":"3 Sentries","floor":8,"turns":5},{"damage":2,"enemies":"Jaw Worm","floor":10,"turns":3},{"damage":17,"enemies":"Lagavulin","floor":12,"turns":6},{"damage":6,"enemies":"Small Slimes","floor":13,"turns":5},{"damage":52,"enemies":"The Guardian","floor":16,"turns":13},{"damage":25,"enemies":"Shell Parasite","floor":18,"turns":3},{"damage":3,"enemies":"Spheric Guardian","floor":19,"turns":6},{"damage":8,"enemies":"Book of Stabbing","floor":23,"turns":4},{"damage":29,"enemies":"Centurion and Healer","floor":24,"turns":5},{"damage":37,"enemies":"3 Cultists","floor":27,"turns":5}],"seed_played":"-8683789416735206895","potions_obtained":[{"floor":1,"key":"Fire Potion"},{"floor":8,"key":"GamblersBrew"},{"floor":13,"key":"ColorlessPotion"},{"floor":16,"key":"ColorlessPotion"},{"floor":18,"key":"GamblersBrew"},{"floor":19,"key":"SpeedPotion"}],"is_trial":false,"path_per_floor":["M","$","?","?","?","E","R","E","T","M","T","E","M","$","R","B",null,"M","M","?","?","$","E","M","R","T","M"],"character_chosen":"IRONCLAD","items_purchased":["Discovery","Finesse","Dropkick"],"campfire_rested":2,"item_purchase_floors":[2,14,22],"current_hp_per_floor":[68,68,61,61,66,63,63,42,42,46,46,35,35,35,56,10,57,38,41,41,41,41,39,16,37,37,0],"gold":136,"neow_bonus":"RANDOM_COLORLESS_2","is_prod":false,"is_daily":false,"chose_seed":false,"campfire_upgraded":1,"win_rate":0,"timestamp":1673809265,"path_taken":["M","?","?","?","?","E","R","E","T","?","?","E","M","$","R","BOSS","M","M","?","?","$","E","M","R","T","?"],"build_version":"2022-12-18","purchased_purges":0,"victory":false,"max_hp_per_floor":[68,68,68,68,73,73,73,73,73,73,73,73,73,73,73,73,73,73,73,73,73,73,73,73,73,73,73],"card_choices":[{"not_picked":["Master of Strategy","Thinking Ahead"],"picked":"Metamorphosis","floor":0},{"not_picked":["Perfected Strike","Sword Boomerang"],"picked":"Fire Breathing","floor":1},{"not_picked":["Body Slam","Metallicize","Burning Pact"],"picked":"SKIP","floor":6},{"not_picked":["Heavy Blade","Feel No Pain","Pummel"],"picked":"SKIP","floor":8},{"not_picked":["Wild Strike","Bloodletting","Entrench"],"picked":"SKIP","floor":10},{"not_picked":["Thunderclap","Whirlwind","Spot Weakness"],"picked":"SKIP","floor":12},{"not_picked":["Entrench","Havoc"],"picked":"Metallicize+1","floor":13},{"not_picked":["Reaper","Offering"],"picked":"Berserk+1","floor":16},{"not_picked":["Carnage","Armaments","Headbutt"],"picked":"SKIP","floor":18},{"not_picked":["Armaments","Havoc","Intimidate"],"picked":"SKIP","floor":19},{"not_picked":["Warcry","Havoc","Anger"],"picked":"SKIP","floor":23},{"not_picked":["Anger","Warcry","Body Slam"],"picked":"SKIP","floor":24}],"player_experience":1993889,"relics_obtained":[{"floor":6,"key":"Kunai"},{"floor":8,"key":"Ornamental Fan"},{"floor":9,"key":"Frozen Egg 2"},{"floor":11,"key":"Ginger"},{"floor":12,"key":"Incense Burner"},{"floor":23,"key":"Happy Flower"},{"floor":26,"key":"Bottled Flame"}],"event_choices":[{"cards_removed":["Strike_R"],"damage_healed":0,"gold_gain":0,"player_choice":"Card Removal","damage_taken":7,"max_hp_gain":0,"max_hp_loss":0,"event_name":"Golden Wing","floor":3,"gold_loss":0},{"damage_healed":0,"gold_gain":0,"player_choice":"Ignored","damage_taken":0,"max_hp_gain":0,"max_hp_loss":0,"event_name":"Shining Light","floor":4,"gold_loss":0},{"damage_healed":0,"gold_gain":0,"player_choice":"Donut","damage_taken":0,"max_hp_gain":5,"max_hp_loss":0,"event_name":"Big Fish","floor":5,"gold_loss":0},{"damage_healed":0,"gold_gain":0,"player_choice":"Simplicity","damage_taken":0,"max_hp_gain":0,"max_hp_loss":0,"event_name":"Back to Basics","floor":20,"gold_loss":0,"cards_upgraded":["Strike_R","Strike_R","Strike_R","Strike_R","Defend_R","Defend_R","Defend_R","Defend_R"]},{"damage_healed":0,"gold_gain":0,"player_choice":"Upgrade","damage_taken":0,"max_hp_gain":0,"max_hp_loss":0,"event_name":"Designer","floor":21,"gold_loss":50,"cards_upgraded":["Discovery"]}],"is_beta":false,"boss_relics":[{"not_picked":["Mark of Pain","Philosopher\u0027s Stone"],"picked":"Runic Cube"}],"items_purged_floors":[],"is_endless":false,"potions_floor_spawned":[1,8,13,16,18,19],"killed_by":"3 Cultists","ascension_level":20}