{"gold_per_floor":[119,134,409,426,135,135,162,162,208,242,242,275,287,100,100,177,177,177,177,177,177,177,177,177,177,177,177,177,177,177,177,177,177,177,177,177,177,8,8,8,8,8,8,8,8,8,8,8,8,8,8],"floor_reached":51,"playtime":1655,"items_purged":["Regret"],"score":1726,"play_id":"3bd18b82-cb90-4a59-8f54-520f1944f10c","local_time":"20230112222806","is_ascension_mode":true,"campfire_choices":[{"data":"Searing Blow","floor":6,"key":"SMITH"},{"data":"Searing Blow+1","floor":8,"key":"SMITH"},{"data":"Searing Blow+2","floor":11,"key":"SMITH"},{"data":"Searing Blow+3","floor":15,"key":"SMITH"},{"data":"Searing Blow+5","floor":23,"key":"SMITH"},{"data":"Searing Blow+6","floor":28,"key":"SMITH"},{"data":"Searing Blow+7","floor":32,"key":"SMITH"},{"floor":46,"key":"RECALL"},{"data":"Searing Blow+8","floor":49,"key":"SMITH"}],"neow_cost":"NONE","seed_source_timestamp":184018573983400,"circlet_count":0,"master_deck":["AscendersBane","Strike_R","Strike_R","Strike_R","Strike_R","Strike_R","Defend_R","Defend_R","Defend_R","Defend_R","Bash","Searing Blow+9","Dropkick","Thunderclap","True Grit+1","Offering+1","Pommel Strike+1","Rage+1","Limit Break+1","Evolve+1","Rupture","Brutality"],"relics":["Burning Blood","NeowsBlessing","Centennial Puzzle","Vajra","Pen Nib","Champion Belt","Toxic Egg 2","Omamori","Ectoplasm","Bag of Preparation","Letter Opener","Lantern","Toy Ornithopter","PreservedInsect","Runic Pyramid","Nunchaku","Ice Cream","StrikeDummy","MawBank","Paper Frog"],"potions_floor_usage":[7,10,24,27,33,37,39,50,50],"damage_taken":[{"damage":0,"enemies":"Small Slimes","floor":1,"turns":1},{"damage":0,"enemies":"Cultist","floor":2,"turns":1},{"damage":0,"enemies":"2 Louse","floor":4,"turns":1},{"damage":35,"enemies":"3 Sentries","floor":7,"turns":11},{"damage":35,"enemies":"Lagavulin","floor":10,"turns":5},{"damage":25,"enemies":"3 Sentries","floor":12,"turns":6},{"damage":7,"enemies":"Exordium Thugs","floor":13,"turns":2},{"damage":18,"enemies":"Slime Boss","floor":16,"turns":7},{"damage":6,"enemies":"3 Byrds","floor":18,"turns":3},{"damage":0,"enemies":"Chosen","floor":19,"turns":3},{"damage":10,"enemies":"3 Cultists","floor":20,"turns":4},{"damage":6,"enemies":"Shelled Parasite and Fungi","floor":24,"turns":3},{"damage":15,"enemies":"Gremlin Leader","floor":25,"turns":3},{"damage":20,"enemies":"Slavers","floor":27,"turns":3},{"damage":6,"enemies":"Gremlin Leader","floor":30,"turns":2},{"damage":6,"enemies":"Cultist and Chosen","floor":31,"turns":2},{"damage":20,"enemies":"Collector","floor":33,"turns":3},{"damage":0,"enemies":"3 Shapes","floor":35,"turns":2},{"damage":0,"enemies":"Orb Walker","floor":36,"turns":2},{"damage":28,"enemies":"Writhing Mass","floor":37,"turns":4},{"damage":8,"enemies":"2 Orb Walkers","floor":39,"turns":3},{"damage":6,"enemies":"Reptomancer","floor":40,"turns":2},{"damage":6,"enemies":"Maw","floor":42,"turns":3},{"damage":8,"enemies":"Giant Head","floor":45,"turns":3},{"damage":3,"enemies":"Nemesis","floor":47,"turns":3},{"damage":7,"enemies":"Jaw Worm Horde","floor":48,"turns":3},{"damage":58,"enemies":"Awakened One","floor":50,"turns":7},{"damage":33,"enemies":"Donu and Deca","floor":51,"turns":3}],"seed_played":"-2079588237310624146","potions_obtained":[{"floor":1,"key":"Fire Potion"},{"floor":10,"key":"FairyPotion"},{"floor":12,"key":"Block Potion"},{"floor":16,"key":"SkillPotion"},{"floor":18,"key":"Strength Potion"},{"floor":27,"key":"Fire Potion"},{"floor":30,"key":"DuplicationPotion"},{"floor":36,"key":"SkillPotion"},{"floor":37,"key":"LiquidMemories"},{"floor":41,"key":"Block Potion"}],"is_trial":false,"path_per_floor":["M","M","?","M","$","R","E","R","T","E","R","E","M","$","R","B",null,"M","M","M","?","$","R","M","E","T","E","R","?","E","M","R","B",null,"M","M","M","$","?","E","?","M","T","$","E","R","E","M","R","B","B"],"character_chosen":"IRONCLAD","items_purchased":["FearPotion","Centennial Puzzle","Omamori","True Grit+1","Nunchaku"],"campfire_rested":0,"item_purchase_floors":[5,5,14,14,38],"current_hp_per_floor":[74,75,75,75,75,75,46,46,46,17,17,28,27,27,27,15,60,60,66,62,62,62,62,62,53,53,39,39,39,39,39,39,30,64,70,75,58,58,61,61,61,61,61,61,59,59,62,61,61,19,0],"gold":8,"neow_bonus":"THREE_ENEMY_KILL","is_prod":false,"is_daily":false,"chose_seed":false,"campfire_upgraded":8,"win_rate":0,"timestamp":1673558886,"path_taken":["M","M","?","?","?","R","E","R","T","E","R","E","M","$","R","BOSS","M","?","M","?","?","R","?","E","T","E","R","?","E","?","R","BOSS","M","M","M","$","?","E","?","?","T","?","E","R","E","M","R","BOSS","BOSS"],"build_version":"2022-12-18","purchased_purges":1,"victory":false,"max_hp_per_floor":[75,75,75,75,75,75,75,75,75,75,75,75,75,75,75,75,75,75,75,75,75,75,75,75,75,75,75,75,75,75,75,75,75,75,75,75,75,75,75,75,75,75,75,75,75,75,75,75,75,75,75],"card_choices":[{"not_picked":["Dropkick","Anger"],"picked":"Searing Blow","floor":1},{"not_picked":["Pummel","Bloodletting"],"picked":"Dropkick","floor":2},{"not_picked":["Twin Strike","Anger","Rupture"],"picked":"SKIP","floor":4},{"not_picked":["Flex","Exhume","Blood for Blood"],"picked":"SKIP","floor":7},{"not_picked":["Iron Wave","Headbutt"],"picked":"Thunderclap","floor":10},{"not_picked":["Barricade","Twin Strike","Second Wind+1"],"picked":"SKIP","floor":12},{"not_picked":["Feel No Pain","Clothesline","Cleave"],"picked":"SKIP","floor":13},{"not_picked":["Corruption","Impervious+1"],"picked":"Offering+1","floor":16},{"not_picked":["Clash","Body Slam","Metallicize"],"picked":"SKIP","floor":18},{"not_picked":["Clash","Headbutt","Dark Embrace"],"picked":"SKIP","floor":19},{"not_picked":["Second Wind+1","Wild Strike"],"picked":"Pommel Strike+1","floor":20},{"not_picked":["Pummel","Body Slam","Reckless Charge"],"picked":"SKIP","floor":24},{"not_picked":["Twin Strike","Heavy Blade+1"],"picked":"Infernal Blade+1","floor":25},{"not_picked":["Body Slam","Iron Wave+1","Sever Soul"],"picked":"SKIP","floor":27},{"not_picked":["Second Wind+1","True Grit+1"],"picked":"Rage+1","floor":30},{"not_picked":["Clash","Pommel Strike"],"picked":"Limit Break+1","floor":31},{"not_picked":["Pommel Strike","Flex+1","Anger"],"picked":"SKIP","floor":35},{"not_picked":["Searing Blow","Thunderclap+1","Headbutt"],"picked":"SKIP","floor":36},{"not_picked":["Twin Strike+1","Bloodletting+1","Blood for Blood+1"],"picked":"SKIP","floor":37},{"not_picked":["Perfected Strike","Entrench+1"],"picked":"Evolve+1","floor":39},{"not_picked":["Headbutt+1","Clash"],"picked":"Rupture","floor":40},{"not_picked":["Warcry+1","Fire Breathing"],"picked":"Brutality","floor":42},{"not_picked":["Bloodletting+1","Dropkick","Power Through+1"],"picked":"SKIP","floor":45},{"not_picked":["Dark Embrace+1","Headbutt","Combust"],"picked":"SKIP","floor":47},{"not_picked":["Warcry+1","Reckless Charge","Seeing Red+1"],"picked":"SKIP","floor":48}],"player_experience":1984998,"relics_obtained":[{"floor":7,"key":"Vajra"},{"floor":9,"key":"Pen Nib"},{"floor":10,"key":"Champion Belt"},{"floor":12,"key":"Toxic Egg 2"},{"floor":25,"key":"Bag of Preparation"},{"floor":26,"key":"Letter Opener"},{"floor":27,"key":"Lantern"},{"floor":30,"key":"PreservedInsect"},{"floor":39,"key":"Ice Cream"},{"floor":40,"key":"StrikeDummy"},{"floor":45,"key":"MawBank"},{"floor":47,"key":"Paper Frog"}],"event_choices":[{"damage_healed":0,"gold_gain":275,"player_choice":"Desecrate","damage_taken":0,"max_hp_gain":0,"max_hp_loss":0,"event_name":"Golden Shrine","floor":3,"gold_loss":0,"cards_obtained":["Regret"]},{"damage_healed":0,"gold_gain":0,"player_choice":"Upgraded","damage_taken":0,"max_hp_gain":0,"max_hp_loss":0,"event_name":"Upgrade Shrine","floor":21,"gold_loss":0,"cards_upgraded":["Searing Blow"]},{"cards_removed":["Infernal Blade"],"damage_healed":0,"gold_gain":0,"player_choice":"Gave Card","damage_taken":0,"relics_obtained":["Toy Ornithopter"],"max_hp_gain":0,"max_hp_loss":0,"event_name":"WeMeetAgain","floor":29,"gold_loss":0},{"damage_healed":0,"gold_gain":0,"player_choice":"Fight","damage_taken":0,"max_hp_gain":0,"max_hp_loss":0,"event_name":"Mysterious Sphere","floor":39,"gold_loss":0},{"damage_healed":0,"gold_gain":0,"player_choice":"Got Potions","damage_taken":0,"max_hp_gain":0,"max_hp_loss":0,"event_name":"Lab","floor":41,"gold_loss":0}],"is_beta":false,"boss_relics":[{"not_picked":["Runic Dome","Philosopher\u0027s Stone"],"picked":"Ectoplasm"},{"not_picked":["Mark of Pain","Pandora\u0027s Box"],"picked":"Runic Pyramid"}],"items_purged_floors":[5],"is_endless":false,"potions_floor_spawned":[1,10,12,16,18,19,27,30,36,37,42,45,47],"killed_by":"Donu and Deca","ascension_level":20}