{"gold_per_floor":[117,117,117,192,20,20,50,50,77,227,259,275,307,45,45,122,122,140,140,150,94,144,170,170,195,269,269,269,299,299,58,58,134,134,153,153,153,24,71,97,97,1,1,31,31,45,70,82,82,82,82,82,82,14,46,46],"floor_reached":56,"playtime":2032,"items_purged":["Regret","Doubt"],"score":2438,"play_id":"eabe657a-60e6-41c8-8ee5-3d5423be8648","local_time":"20230117180044","is_ascension_mode":true,"campfire_choices":[{"data":"Disarm","floor":6,"key":"SMITH"},{"data":"Bash","floor":8,"key":"SMITH"},{"data":"Rupture","floor":15,"key":"SMITH"},{"floor":24,"key":"REST"},{"floor":27,"key":"REST"},{"floor":32,"key":"REST"},{"floor":41,"key":"RECALL"},{"data":"Juggernaut","floor":45,"key":"SMITH"},{"data":"Feel No Pain","floor":49,"key":"SMITH"},{"data":"Fire Breathing","floor":53,"key":"SMITH"}],"neow_cost":"NONE","seed_source_timestamp":80597610359100,"circlet_count":0,"master_deck":["AscendersBane","Disarm+1","Finesse","Disarm+1","Offering+1","Cleave","True Grit+1","Rupture+1","Offering+1","Limit Break+1","Clash","Searing Blow","Juggernaut+1","Feel No Pain","Sentinel+1","Offering+1","Pummel","Fire Breathing+1","Clash","Ghostly Armor+1","Bloodletting+1","Havoc+1","Brutality","Flame Barrier+1","Havoc+1","Reaper","Madness+1","Madness+1","Feel No Pain+1","Dual Wield+1","Heavy Blade+1","Shrug It Off+1","Battle Trance+1"],"relics":["Burning Blood","NeowsBlessing","Bag of Marbles","Centennial Puzzle","Toxic Egg 2","Bronze Scales","Juzu Bracelet","Bottled Lightning","Pandora\u0027s Box","MutagenicStrength","Strawberry","WingedGreaves","The Courier","Calipers","Pantograph","Runic Dome","ClockworkSouvenir","FossilizedHelix","Happy Flower","Smiling Mask","Peace Pipe","Incense Burner"],"potions_floor_usage":[35,51,56],"damage_taken":[{"damage":0,"enemies":"Jaw Worm","floor":1,"turns":1},{"damage":0,"enemies":"3 Sentries","floor":7,"turns":2},{"damage":0,"enemies":"Gremlin Nob","floor":11,"turns":1},{"damage":6,"enemies":"Small Slimes","floor":12,"turns":3},{"damage":50,"enemies":"Lagavulin","floor":13,"turns":7},{"damage":12,"enemies":"Hexaghost","floor":16,"turns":9},{"damage":18,"enemies":"Spheric Guardian","floor":18,"turns":3},{"damage":12,"enemies":"Shell Parasite","floor":20,"turns":1},{"damage":21,"enemies":"Book of Stabbing","floor":23,"turns":4},{"damage":51,"enemies":"Slavers","floor":25,"turns":3},{"damage":40,"enemies":"Gremlin Leader","floor":29,"turns":5},{"damage":25,"enemies":"Collector","floor":33,"turns":3},{"damage":12,"enemies":"Orb Walker","floor":35,"turns":3},{"damage":18,"enemies":"2 Orb Walkers","floor":39,"turns":3},{"damage":22,"enemies":"Giant Head","floor":40,"turns":5},{"damage":20,"enemies":"Nemesis","floor":44,"turns":5},{"damage":15,"enemies":"3 Darklings","floor":46,"turns":1},{"damage":17,"enemies":"Mind Bloom Boss Battle","floor":47,"turns":4},{"damage":13,"enemies":"Jaw Worm Horde","floor":48,"turns":3},{"damage":48,"enemies":"Time Eater","floor":50,"turns":9},{"damage":36,"enemies":"Awakened One","floor":51,"turns":7},{"damage":62,"enemies":"Shield and Spear","floor":55,"turns":4},{"damage":95,"enemies":"The Heart","floor":56,"turns":5}],"seed_played":"7603907921621864192","potions_obtained":[{"floor":1,"key":"Dexterity Potion"},{"floor":13,"key":"SteroidPotion"},{"floor":33,"key":"DistilledChaos"},{"floor":35,"key":"GamblersBrew"},{"floor":44,"key":"CultistPotion"}],"is_trial":false,"path_per_floor":["M","?","?","?","$","R","E","R","T","?","E","M","E","$","R","B",null,"M","?","M","$","?","E","R","E","T","R","?","E","?","$","R","B",null,"M","?","?","$","?","E","R","$","T","E","R","M","?","M","R","B","B",null,"R","$","E","B"],"character_chosen":"IRONCLAD","items_purchased":["Finesse","Rupture","Offering+1","Havoc+1","Pantograph","Havoc+1","ClockworkSouvenir","Feel No Pain","Dual Wield+1","Ancient Potion"],"campfire_rested":3,"item_purchase_floors":[5,14,14,21,31,31,38,42,42,54],"current_hp_per_floor":[74,63,63,52,52,52,58,58,58,58,64,64,20,20,20,14,60,48,48,42,42,42,34,58,13,13,37,53,19,19,19,43,49,74,76,76,61,61,49,82,82,82,82,82,82,73,82,81,81,82,59,76,76,76,54,0],"gold":46,"neow_bonus":"THREE_ENEMY_KILL","is_prod":false,"is_daily":false,"chose_seed":false,"campfire_upgraded":6,"win_rate":0,"timestamp":1673974844,"path_taken":["M","?","?","?","$","R","E","R","T","?","E","M","E","$","R","BOSS","M","?","M","$","?","E","R","E","T","R","?","E","?","$","R","BOSS","M","?","?","$","?","E","R","?","T","E","R","M","?","M","R","BOSS","BOSS","R","$","E","BOSS"],"build_version":"2022-12-18","purchased_purges":2,"victory":false,"max_hp_per_floor":[75,75,75,75,75,75,75,75,75,75,75,75,75,75,75,75,75,75,75,75,75,75,82,82,82,82,82,82,82,82,82,82,82,82,82,82,82,82,82,82,82,82,82,82,82,82,82,82,82,82,82,82,82,82,82,82],"card_choices":[{"not_picked":["Intimidate","Metallicize"],"picked":"Disarm","floor":1},{"not_picked":["Power Through+1","Twin Strike"],"picked":"Disarm+1","floor":7},{"not_picked":["Flex+1","Shrug It Off+1"],"picked":"Offering+1","floor":11},{"not_picked":["Dual Wield+1","Shrug It Off+1"],"picked":"Cleave","floor":12},{"not_picked":["Perfected Strike","Barricade"],"picked":"True Grit+1","floor":13},{"not_picked":["Barricade","Offering+1"],"picked":"Limit Break+1","floor":16},{"not_picked":["Sword Boomerang","True Grit+1"],"picked":"Ghostly Armor+1","floor":18},{"not_picked":["Intimidate+1","Warcry+1"],"picked":"Bloodletting+1","floor":20},{"not_picked":["Ghostly Armor+1","Offering+1"],"picked":"Brutality","floor":23},{"not_picked":["Perfected Strike+1","Havoc+1"],"picked":"Flame Barrier+1","floor":25},{"not_picked":["Dual Wield+1","Headbutt","Reckless Charge"],"picked":"SKIP","floor":29},{"not_picked":["Berserk","Double Tap+1"],"picked":"Reaper","floor":33},{"not_picked":["Hemokinesis","Armaments+1","Clothesline"],"picked":"SKIP","floor":35},{"not_picked":["Clash","Carnage+1","Perfected Strike"],"picked":"SKIP","floor":40},{"not_picked":["Armaments+1","Feed"],"picked":"Heavy Blade+1","floor":44},{"not_picked":["Heavy Blade+1","Cleave","Entrench+1"],"picked":"SKIP","floor":46},{"not_picked":["Anger","Cleave"],"picked":"Shrug It Off+1","floor":47},{"not_picked":["Clash","Flex+1","Body Slam"],"picked":"SKIP","floor":48},{"not_picked":["Sword Boomerang+1","Spot Weakness+1"],"picked":"Battle Trance+1","floor":55}],"player_experience":2002217,"relics_obtained":[{"floor":7,"key":"Toxic Egg 2"},{"floor":9,"key":"Bronze Scales"},{"floor":11,"key":"Juzu Bracelet"},{"floor":13,"key":"Bottled Lightning"},{"floor":23,"key":"Strawberry"},{"floor":25,"key":"WingedGreaves"},{"floor":26,"key":"The Courier"},{"floor":29,"key":"Calipers"},{"floor":39,"key":"FossilizedHelix"},{"floor":40,"key":"Happy Flower"},{"floor":44,"key":"Smiling Mask"},{"floor":47,"key":"Peace Pipe"},{"floor":55,"key":"Incense Burner"}],"event_choices":[{"damage_healed":0,"gold_gain":0,"player_choice":"Success","damage_taken":11,"relics_obtained":["Bag of Marbles"],"max_hp_gain":0,"max_hp_loss":0,"event_name":"Scrap Ooze","floor":2,"gold_loss":0},{"damage_healed":0,"gold_gain":0,"player_choice":"Box","damage_taken":0,"relics_obtained":["Centennial Puzzle"],"max_hp_gain":0,"max_hp_loss":0,"event_name":"Big Fish","floor":3,"gold_loss":0,"cards_obtained":["Regret"]},{"damage_healed":0,"gold_gain":75,"player_choice":"Gather Gold","damage_taken":11,"max_hp_gain":0,"max_hp_loss":0,"event_name":"World of Goop","floor":4,"gold_loss":0},{"damage_healed":0,"gold_gain":150,"player_choice":"AGREE","damage_taken":0,"max_hp_gain":0,"max_hp_loss":0,"event_name":"Liars Game","floor":10,"gold_loss":0,"cards_obtained":["Doubt"]},{"damage_healed":0,"gold_gain":0,"player_choice":"Inject Mutagens","damage_taken":0,"relics_obtained":["MutagenicStrength"],"max_hp_gain":0,"max_hp_loss":0,"event_name":"Drug Dealer","floor":19,"gold_loss":0},{"damage_healed":0,"gold_gain":50,"player_choice":"Stole From Cult","damage_taken":0,"max_hp_gain":0,"max_hp_loss":0,"event_name":"Nest","floor":22,"gold_loss":0},{"damage_healed":16,"gold_gain":0,"player_choice":"Heal","damage_taken":0,"max_hp_gain":0,"max_hp_loss":0,"event_name":"The Library","floor":28,"gold_loss":0},{"cards_removed":["Bash"],"damage_healed":0,"gold_gain":0,"player_choice":"Elegance","damage_taken":0,"max_hp_gain":0,"max_hp_loss":0,"event_name":"Back to Basics","floor":30,"gold_loss":0},{"damage_healed":0,"gold_gain":0,"player_choice":"Ignored","damage_taken":0,"max_hp_gain":0,"max_hp_loss":0,"event_name":"Tomb of Lord Red Mask","floor":36,"gold_loss":0},{"damage_healed":0,"gold_gain":0,"player_choice":"Embrace Madness","damage_taken":15,"max_hp_gain":0,"max_hp_loss":0,"event_name":"Winding Halls","floor":37,"gold_loss":0,"cards_obtained":["Madness","Madness"]},{"damage_healed":0,"gold_gain":0,"player_choice":"Fight","damage_taken":0,"max_hp_gain":0,"max_hp_loss":0,"event_name":"Mysterious Sphere","floor":39,"gold_loss":0},{"damage_healed":0,"gold_gain":0,"player_choice":"Fight","damage_taken":0,"max_hp_gain":0,"max_hp_loss":0,"event_name":"MindBloom","floor":47,"gold_loss":0}],"is_beta":false,"boss_relics":[{"not_picked":["Runic Pyramid","Coffee Dripper"],"picked":"Pandora\u0027s Box"},{"not_picked":["Tiny House","Astrolabe"],"picked":"Runic Dome"}],"items_purged_floors":[5,14],"is_endless":false,"potions_floor_spawned":[1,13,18,25,29,33,35,40,44,48,55],"killed_by":"The Heart","ascension_level":20}