{"gold_per_floor":[113,38,113,123,123,123,157,157,237,253,253,268,268,268,268,345,345,355,355,371,371,371],"floor_reached":22,"playtime":353,"items_purged":[],"score":414,"play_id":"e685efca-1813-4487-ad42-cf8334f71a3a","local_time":"20230114222049","is_ascension_mode":true,"campfire_choices":[{"data":"Hemokinesis","floor":6,"key":"SMITH"},{"data":"Rampage","floor":8,"key":"SMITH"},{"data":"Bash","floor":11,"key":"SMITH"},{"data":"Pommel Strike","floor":15,"key":"SMITH"}],"neow_cost":"NONE","seed_source_timestamp":357688126106700,"circlet_count":0,"master_deck":["AscendersBane","Strike_R+1","Strike_R+1","Strike_R+1","Defend_R+1","Defend_R+1","Defend_R+1","Defend_R+1","Bash+1","Hemokinesis+1","Bloodletting","Pommel Strike+1","Rampage+1","Barricade","Spot Weakness"],"relics":["Burning Blood","NeowsBlessing","Eternal Feather","Paper Frog","SlaversCollar","Letter Opener"],"potions_floor_usage":[16,16,20],"damage_taken":[{"damage":0,"enemies":"Jaw Worm","floor":1,"turns":1},{"damage":0,"enemies":"Small Slimes","floor":4,"turns":1},{"damage":0,"enemies":"3 Sentries","floor":7,"turns":2},{"damage":12,"enemies":"2 Louse","floor":10,"turns":2},{"damage":15,"enemies":"Exordium Thugs","floor":12,"turns":4},{"damage":39,"enemies":"Hexaghost","floor":16,"turns":6},{"damage":26,"enemies":"Spheric Guardian","floor":18,"turns":4},{"damage":20,"enemies":"Shell Parasite","floor":20,"turns":4},{"damage":31,"enemies":"Centurion and Healer","floor":22,"turns":3}],"seed_played":"-1095692811082975760","potions_obtained":[{"floor":1,"key":"SteroidPotion"},{"floor":4,"key":"GamblersBrew"},{"floor":10,"key":"DuplicationPotion"},{"floor":16,"key":"SteroidPotion"}],"is_trial":false,"path_per_floor":["M","?","?","M","?","R","E","R","T","M","R","M","?","?","R","B",null,"M","?","M","T","M"],"character_chosen":"IRONCLAD","items_purchased":[],"campfire_rested":0,"item_purchase_floors":[],"current_hp_per_floor":[74,74,63,69,69,69,75,75,75,69,75,66,43,48,54,21,65,45,45,31,31,0],"gold":371,"neow_bonus":"THREE_ENEMY_KILL","is_prod":false,"is_daily":false,"chose_seed":false,"campfire_upgraded":4,"win_rate":0,"timestamp":1673731249,"path_taken":["M","?","?","M","?","R","E","R","T","?","R","M","?","?","R","BOSS","M","?","M","?","M"],"build_version":"2022-12-18","purchased_purges":0,"victory":false,"max_hp_per_floor":[75,75,75,75,75,75,75,75,75,75,75,75,75,80,80,80,80,80,80,80,80,80],"card_choices":[{"not_picked":["Burning Pact","Seeing Red"],"picked":"Hemokinesis","floor":1},{"not_picked":["Heavy Blade","Armaments"],"picked":"Bloodletting","floor":4},{"not_picked":["Warcry","Clash"],"picked":"Rampage","floor":7},{"not_picked":["Cleave","Hemokinesis","Havoc"],"picked":"SKIP","floor":10},{"not_picked":["Rage","Reckless Charge","Armaments"],"picked":"SKIP","floor":12},{"not_picked":["Offering","Exhume"],"picked":"Barricade","floor":16},{"not_picked":["Feel No Pain","Cleave"],"picked":"Spot Weakness","floor":18},{"not_picked":["Combust","Flex","Dual Wield"],"picked":"SKIP","floor":20}],"player_experience":1988586,"relics_obtained":[{"floor":7,"key":"Eternal Feather"},{"floor":9,"key":"Paper Frog"},{"floor":21,"key":"Letter Opener"}],"event_choices":[{"cards_removed":["Strike_R"],"damage_healed":0,"gold_gain":0,"player_choice":"Card Removal","damage_taken":0,"max_hp_gain":0,"max_hp_loss":0,"event_name":"The Cleric","floor":2,"gold_loss":75},{"damage_healed":0,"gold_gain":75,"player_choice":"Gather Gold","damage_taken":11,"max_hp_gain":0,"max_hp_loss":0,"event_name":"World of Goop","floor":3,"gold_loss":0},{"damage_healed":0,"gold_gain":0,"cards_transformed":["Strike_R"],"player_choice":"Transformed","damage_taken":0,"max_hp_gain":0,"max_hp_loss":0,"event_name":"Transmorgrifier","floor":5,"gold_loss":0,"cards_obtained":["Pommel Strike"]},{"damage_healed":0,"gold_gain":0,"player_choice":"Entered Light","damage_taken":23,"max_hp_gain":0,"max_hp_loss":0,"event_name":"Shining Light","floor":13,"gold_loss":0,"cards_upgraded":["Strike_R","Defend_R"]},{"damage_healed":0,"gold_gain":0,"player_choice":"Donut","damage_taken":0,"max_hp_gain":5,"max_hp_loss":0,"event_name":"Big Fish","floor":14,"gold_loss":0},{"damage_healed":0,"gold_gain":0,"player_choice":"Simplicity","damage_taken":0,"max_hp_gain":0,"max_hp_loss":0,"event_name":"Back to Basics","floor":19,"gold_loss":0,"cards_upgraded":["Strike_R","Strike_R","Defend_R","Defend_R","Defend_R"]}],"is_beta":false,"boss_relics":[{"not_picked":["Coffee Dripper","Black Blood"],"picked":"SlaversCollar"}],"items_purged_floors":[],"is_endless":false,"potions_floor_spawned":[1,4,10,16],"killed_by":"Centurion and Healer","ascension_level":20}