{"gold_per_floor":[11,29,29,179,51,86,135,135,216,9,9],"floor_reached":11,"playtime":253,"items_purged":["Doubt"],"score":138,"play_id":"c8a1f09c-31eb-421c-a240-7a97ac4b2cf7","local_time":"20230106130653","is_ascension_mode":true,"campfire_choices":[{"data":"Power Through","floor":8,"key":"SMITH"}],"neow_cost":"NO_GOLD","seed_source_timestamp":1367880892294500,"circlet_count":0,"master_deck":["AscendersBane","Strike_R","Strike_R","Strike_R","Strike_R","Strike_R","Defend_R","Defend_R","Defend_R","Defend_R","Bash","Body Slam+1","Shrug It Off","Power Through+1","Panacea"],"relics":["Burning Blood","Bottled Flame","Tiny Chest","The Courier","PrismaticShard"],"potions_floor_usage":[6,6,6,11],"damage_taken":[{"damage":4,"enemies":"Small Slimes","floor":1,"turns":4},{"damage":12,"enemies":"Jaw Worm","floor":2,"turns":3},{"damage":27,"enemies":"Lagavulin","floor":6,"turns":5},{"damage":62,"enemies":"3 Sentries","floor":11,"turns":8}],"seed_played":"-6296121195245498539","potions_obtained":[{"floor":1,"key":"EntropicBrew"},{"floor":2,"key":"LiquidBronze"}],"is_trial":false,"path_per_floor":["M","M","?","?","$","E","T","R","T","$","E"],"character_chosen":"IRONCLAD","items_purchased":["Shrug It Off","PrismaticShard","Panacea"],"campfire_rested":0,"item_purchase_floors":[5,10,10],"current_hp_per_floor":[84,78,78,78,78,57,57,57,57,57,0],"gold":9,"neow_bonus":"TWENTY_PERCENT_HP_BONUS","is_prod":false,"is_daily":false,"chose_seed":false,"campfire_upgraded":1,"win_rate":0,"timestamp":1673006813,"path_taken":["M","M","?","?","?","E","?","R","T","$","E"],"build_version":"2022-12-18","purchased_purges":1,"victory":false,"max_hp_per_floor":[89,89,89,89,89,89,89,89,89,89,89],"card_choices":[{"not_picked":["Pommel Strike","Sever Soul"],"picked":"Body Slam","floor":1},{"not_picked":["Anger","Heavy Blade","Sword Boomerang"],"picked":"SKIP","floor":2},{"not_picked":["Carnage","Battle Trance"],"picked":"Power Through","floor":6}],"player_experience":1983408,"relics_obtained":[{"floor":6,"key":"Bottled Flame"},{"floor":7,"key":"Tiny Chest"},{"floor":9,"key":"The Courier"}],"event_choices":[{"damage_healed":0,"gold_gain":0,"player_choice":"Grow","damage_taken":0,"max_hp_gain":0,"max_hp_loss":0,"event_name":"Living Wall","floor":3,"gold_loss":0,"cards_upgraded":["Body Slam"]},{"damage_healed":0,"gold_gain":150,"player_choice":"AGREE","damage_taken":0,"max_hp_gain":0,"max_hp_loss":0,"event_name":"Liars Game","floor":4,"gold_loss":0,"cards_obtained":["Doubt"]}],"is_beta":false,"boss_relics":[],"items_purged_floors":[5],"is_endless":false,"potions_floor_spawned":[1,2],"killed_by":"3 Sentries","ascension_level":20}