{"gold_per_floor":[112,128,203,213,53,87,87,121,121,121,121,70,86,86,86,158,158,175,175,195,195],"floor_reached":21,"playtime":1844,"items_purged":["Strike_R"],"score":374,"play_id":"2bd22384-5c60-4a7f-86a8-20fc67630656","local_time":"20230126221124","is_ascension_mode":true,"campfire_choices":[{"floor":7,"key":"REST"},{"floor":10,"key":"REST"},{"data":"Demon Form","floor":15,"key":"SMITH"}],"neow_cost":"TEN_PERCENT_HP_LOSS","seed_source_timestamp":0,"circlet_count":0,"master_deck":["AscendersBane","Strike_R+1","Strike_R+1","Strike_R+1","Defend_R+1","Defend_R+1","Defend_R+1","Defend_R+1","Bash","Twin Strike","Thunderclap","Disarm","Feed","Demon Form+1","Pommel Strike","Armaments","Shrug It Off","Limit Break","Metallicize"],"special_seed":0,"relics":["Black Blood","WingedGreaves","Mercury Hourglass","Ice Cream","Calipers"],"potions_floor_usage":[6,16,16,21,21],"damage_taken":[{"damage":4,"enemies":"2 Louse","floor":1,"turns":4},{"damage":6,"enemies":"Cultist","floor":2,"turns":3},{"damage":10,"enemies":"Small Slimes","floor":4,"turns":3},{"damage":47,"enemies":"Gremlin Nob","floor":6,"turns":5},{"damage":31,"enemies":"Lagavulin","floor":8,"turns":6},{"damage":4,"enemies":"Blue Slaver","floor":13,"turns":4},{"damage":22,"enemies":"Hexaghost","floor":16,"turns":9},{"damage":48,"enemies":"Shell Parasite","floor":18,"turns":12},{"damage":34,"enemies":"3 Byrds","floor":20,"turns":7},{"damage":51,"enemies":"Masked Bandits","floor":21,"turns":3}],"seed_played":"-3638464135835404378","potions_obtained":[{"floor":1,"key":"Swift Potion"},{"floor":6,"key":"Ancient Potion"},{"floor":13,"key":"EntropicBrew"}],"is_trial":false,"path_per_floor":["M","M","?","M","$","E","R","E","T","R","?","$","M","?","R","B",null,"M","?","M","?"],"character_chosen":"IRONCLAD","items_purchased":["Feed","Shrug It Off"],"campfire_rested":2,"item_purchase_floors":[5,12],"current_hp_per_floor":[68,68,57,53,53,15,36,14,14,36,36,36,41,46,46,30,69,36,36,17,0],"gold":195,"neow_bonus":"ONE_RARE_RELIC","is_prod":false,"is_daily":false,"chose_seed":false,"campfire_upgraded":1,"win_rate":0,"timestamp":1674767484,"path_taken":["M","M","?","M","$","E","R","E","T","R","?","$","?","?","R","BOSS","M","?","M","?"],"build_version":"2022-12-18","purchased_purges":1,"victory":false,"max_hp_per_floor":[68,68,68,68,68,71,71,74,74,74,74,74,77,82,82,82,82,85,85,88,88],"card_choices":[{"not_picked":["Havoc","Headbutt"],"picked":"Twin Strike","floor":1},{"not_picked":["Power Through","Clash"],"picked":"Thunderclap","floor":2},{"not_picked":["Heavy Blade","Armaments"],"picked":"Disarm","floor":4},{"not_picked":["Twin Strike","Burning Pact"],"picked":"Demon Form","floor":6},{"not_picked":["Intimidate","Anger"],"picked":"Pommel Strike","floor":8},{"not_picked":["Thunderclap","Bloodletting","Sever Soul"],"picked":"SKIP","floor":13},{"not_picked":["Barricade","Double Tap"],"picked":"Limit Break","floor":16},{"not_picked":["Rupture","Iron Wave","Warcry"],"picked":"SKIP","floor":18},{"not_picked":["Iron Wave","Inflame+1"],"picked":"Metallicize","floor":20}],"player_experience":2076027,"relics_obtained":[{"floor":6,"key":"Mercury Hourglass"},{"floor":8,"key":"Ice Cream"},{"floor":9,"key":"Calipers"}],"event_choices":[{"damage_healed":0,"gold_gain":75,"player_choice":"Gather Gold","damage_taken":11,"max_hp_gain":0,"max_hp_loss":0,"event_name":"World of Goop","floor":3,"gold_loss":0},{"damage_healed":0,"gold_gain":0,"cards_transformed":["Strike_R"],"player_choice":"Transformed","damage_taken":0,"max_hp_gain":0,"max_hp_loss":0,"event_name":"Transmorgrifier","floor":11,"gold_loss":0,"cards_obtained":["Armaments"]},{"damage_healed":0,"gold_gain":0,"player_choice":"Donut","damage_taken":0,"max_hp_gain":5,"max_hp_loss":0,"event_name":"Big Fish","floor":14,"gold_loss":0},{"damage_healed":0,"gold_gain":0,"player_choice":"Simplicity","damage_taken":0,"max_hp_gain":0,"max_hp_loss":0,"event_name":"Back to Basics","floor":19,"gold_loss":0,"cards_upgraded":["Strike_R","Strike_R","Strike_R","Defend_R","Defend_R","Defend_R","Defend_R"]},{"damage_healed":0,"gold_gain":0,"player_choice":"Fought Bandits","damage_taken":0,"max_hp_gain":0,"max_hp_loss":0,"event_name":"Masked Bandits","floor":21,"gold_loss":0}],"is_beta":false,"boss_relics":[{"not_picked":["Runic Cube","Mark of Pain"],"picked":"Black Blood"}],"items_purged_floors":[5],"is_endless":false,"potions_floor_spawned":[1,6,13,20],"killed_by":"Masked Bandits","ascension_level":20}