{"gold_per_floor":[213,213,46,62,79,79,93,93,172,197,208,224,224,256,256,330,380,393,393,393,308,308,308],"floor_reached":23,"playtime":501,"items_purged":[],"score":402,"play_id":"3b5ddded-5e8e-493d-8394-70b28058cb76","local_time":"20230122182924","is_ascension_mode":true,"campfire_choices":[{"data":"Searing Blow","floor":6,"key":"SMITH"},{"data":"Searing Blow+1","floor":8,"key":"SMITH"},{"data":"Searing Blow+2","floor":13,"key":"SMITH"},{"data":"Searing Blow+3","floor":15,"key":"SMITH"}],"neow_cost":"NONE","seed_source_timestamp":515853582115700,"circlet_count":0,"master_deck":["AscendersBane","Strike_R","Strike_R","Strike_R","Strike_R","Strike_R","Defend_R+1","Defend_R","Defend_R","Defend_R+1","Bash","Thunderclap","Inflame+1","Searing Blow+4","Ghostly Armor","Double Tap","Barricade","Battle Trance","Armaments","Armaments"],"relics":["Burning Blood","Ancient Tea Set","Orichalcum","InkBottle","War Paint","Ice Cream","Tiny House","Centennial Puzzle"],"potions_floor_usage":[10,16,20],"damage_taken":[{"damage":9,"enemies":"2 Louse","floor":1,"turns":3},{"damage":0,"enemies":"Cultist","floor":4,"turns":3},{"damage":4,"enemies":"Small Slimes","floor":5,"turns":3},{"damage":7,"enemies":"Blue Slaver","floor":7,"turns":2},{"damage":8,"enemies":"3 Sentries","floor":10,"turns":4},{"damage":5,"enemies":"Looter","floor":11,"turns":3},{"damage":2,"enemies":"3 Louse","floor":12,"turns":4},{"damage":5,"enemies":"Gremlin Nob","floor":14,"turns":3},{"damage":29,"enemies":"The Guardian","floor":16,"turns":9},{"damage":0,"enemies":"Spheric Guardian","floor":18,"turns":1},{"damage":0,"enemies":"2 Thieves","floor":20,"turns":1},{"damage":86,"enemies":"Book of Stabbing","floor":23,"turns":5}],"seed_played":"-4176630697523516557","potions_obtained":[{"floor":1,"key":"ColorlessPotion"},{"floor":4,"key":"Strength Potion"},{"floor":7,"key":"PowerPotion"},{"floor":14,"key":"ElixirPotion"},{"floor":17,"key":"SmokeBomb"}],"is_trial":false,"path_per_floor":["M","?","$","M","M","R","M","R","T","E","M","M","R","E","R","B",null,"M","?","M","?","?","E"],"character_chosen":"IRONCLAD","items_purchased":["Orichalcum"],"campfire_rested":0,"item_purchase_floors":[3],"current_hp_per_floor":[65,65,65,71,73,73,72,72,72,70,71,75,75,75,75,52,74,80,80,80,80,80,0],"gold":308,"neow_bonus":"HUNDRED_GOLD","is_prod":false,"is_daily":false,"chose_seed":false,"campfire_upgraded":4,"win_rate":0,"timestamp":1674408564,"path_taken":["M","?","$","?","?","R","M","R","T","E","M","M","R","E","R","BOSS","M","?","M","?","?","E"],"build_version":"2022-12-18","purchased_purges":0,"victory":false,"max_hp_per_floor":[75,75,75,75,75,75,75,75,75,75,75,75,75,75,75,75,80,80,80,80,80,80,80],"card_choices":[{"not_picked":["Sword Boomerang","Havoc"],"picked":"Thunderclap","floor":1},{"not_picked":["Pommel Strike","Feel No Pain"],"picked":"Inflame","floor":4},{"not_picked":["Clothesline","Warcry"],"picked":"Searing Blow","floor":5},{"not_picked":["Havoc","True Grit","Infernal Blade"],"picked":"SKIP","floor":7},{"not_picked":["Body Slam","Clash"],"picked":"Ghostly Armor","floor":10},{"not_picked":["Twin Strike","Anger","Wild Strike"],"picked":"SKIP","floor":11},{"not_picked":["Armaments","Intimidate"],"picked":"Double Tap","floor":12},{"not_picked":["Pommel Strike","Combust","Seeing Red"],"picked":"SKIP","floor":14},{"not_picked":["Demon Form","Exhume"],"picked":"Barricade","floor":16},{"not_picked":["Sentinel","Pommel Strike"],"picked":"Battle Trance","floor":17},{"not_picked":["Flex","Cleave"],"picked":"Armaments","floor":18}],"player_experience":2032257,"relics_obtained":[{"floor":2,"key":"Ancient Tea Set"},{"floor":9,"key":"InkBottle"},{"floor":10,"key":"War Paint"},{"floor":14,"key":"Ice Cream"}],"event_choices":[{"damage_healed":0,"gold_gain":0,"player_choice":"Relic","damage_taken":0,"max_hp_gain":0,"max_hp_loss":0,"event_name":"Wheel of Change","floor":2,"gold_loss":0},{"damage_healed":0,"gold_gain":0,"player_choice":"Ignored","damage_taken":0,"max_hp_gain":0,"max_hp_loss":0,"event_name":"Ghosts","floor":19,"gold_loss":0},{"damage_healed":0,"gold_gain":0,"player_choice":"Obtained Relic","damage_taken":0,"relics_obtained":["Centennial Puzzle"],"max_hp_gain":0,"max_hp_loss":0,"event_name":"Addict","floor":21,"gold_loss":85},{"damage_healed":0,"gold_gain":0,"player_choice":"Read","damage_taken":0,"max_hp_gain":0,"max_hp_loss":0,"event_name":"The Library","floor":22,"gold_loss":0,"cards_obtained":["Armaments"]}],"is_beta":false,"boss_relics":[{"not_picked":["SacredBark","Cursed Key"],"picked":"Tiny House"}],"items_purged_floors":[],"is_endless":false,"potions_floor_spawned":[1,4,7,14],"killed_by":"Book of Stabbing","ascension_level":20}