{"gold_per_floor":[116,136,24,299,310,343,343,359,359,359,58,70,70,102,102,181,181,200,200,200],"floor_reached":20,"playtime":588,"items_purged":["Strike_R"],"score":364,"play_id":"6040690f-9688-4705-9ce0-6a0eb9495247","local_time":"20230120134407","is_ascension_mode":true,"campfire_choices":[{"data":"Rampage","floor":7,"key":"SMITH"},{"floor":10,"key":"REST"},{"data":"True Grit","floor":13,"key":"SMITH"},{"data":"Disarm","floor":15,"key":"SMITH"}],"neow_cost":"NONE","seed_source_timestamp":10627980277100,"circlet_count":0,"master_deck":["AscendersBane","Strike_R","Strike_R","Strike_R","Strike_R","Defend_R","Defend_R","Defend_R","Defend_R","Bash","Evolve","Bloodletting","Rampage+1","Regret","True Grit+1","Sever Soul","Disarm+1","Havoc","Power Through","Berserk","Body Slam","Necronomicurse"],"relics":["Burning Blood","NeowsBlessing","Mercury Hourglass","Singing Bowl","Eternal Feather","Sundial","Runic Pyramid","Necronomicon"],"potions_floor_usage":[6,16,20],"damage_taken":[{"damage":0,"enemies":"Cultist","floor":1,"turns":1},{"damage":0,"enemies":"2 Louse","floor":2,"turns":1},{"damage":0,"enemies":"Small Slimes","floor":5,"turns":1},{"damage":52,"enemies":"Lagavulin","floor":6,"turns":8},{"damage":10,"enemies":"Looter","floor":8,"turns":3},{"damage":9,"enemies":"3 Louse","floor":12,"turns":2},{"damage":16,"enemies":"3 Sentries","floor":14,"turns":7},{"damage":40,"enemies":"Hexaghost","floor":16,"turns":9},{"damage":25,"enemies":"3 Byrds","floor":18,"turns":6},{"damage":36,"enemies":"Shell Parasite","floor":20,"turns":3}],"seed_played":"-1453416622106636929","potions_obtained":[{"floor":1,"key":"AttackPotion"},{"floor":12,"key":"Swift Potion"},{"floor":14,"key":"LiquidMemories"}],"is_trial":false,"path_per_floor":["M","M","$","?","M","E","R","M","T","R","$","M","R","E","R","B",null,"M","?","M"],"character_chosen":"IRONCLAD","items_purchased":["Rampage","Eternal Feather","Havoc"],"campfire_rested":1,"item_purchase_floors":[3,11,11],"current_hp_per_floor":[74,75,75,75,75,29,29,25,25,47,47,46,55,45,54,20,63,44,23,0],"gold":200,"neow_bonus":"THREE_ENEMY_KILL","is_prod":false,"is_daily":false,"chose_seed":false,"campfire_upgraded":3,"win_rate":0,"timestamp":1674218647,"path_taken":["M","M","$","?","?","E","R","?","T","R","$","M","R","E","R","BOSS","M","?","M"],"build_version":"2022-12-18","purchased_purges":1,"victory":false,"max_hp_per_floor":[75,75,75,75,75,75,75,75,75,75,75,77,77,77,77,77,77,77,77,77],"card_choices":[{"not_picked":["Armaments","Shrug It Off"],"picked":"Evolve","floor":1},{"not_picked":["Flex","Twin Strike"],"picked":"Bloodletting","floor":2},{"not_picked":["Flex","Clothesline"],"picked":"True Grit","floor":5},{"not_picked":["Thunderclap","Iron Wave"],"picked":"Sever Soul","floor":6},{"not_picked":["Ghostly Armor","Pommel Strike"],"picked":"Disarm","floor":8},{"not_picked":["Heavy Blade","Cleave","Sentinel"],"picked":"Singing Bowl","floor":12},{"not_picked":["Warcry","Dual Wield"],"picked":"Power Through","floor":14},{"not_picked":["Offering","Double Tap"],"picked":"Berserk","floor":16},{"not_picked":["Clash+1","Flex"],"picked":"Body Slam","floor":18}],"player_experience":2023174,"relics_obtained":[{"floor":6,"key":"Mercury Hourglass"},{"floor":9,"key":"Singing Bowl"},{"floor":14,"key":"Sundial"},{"floor":19,"key":"Necronomicon"}],"event_choices":[{"damage_healed":0,"gold_gain":275,"player_choice":"Desecrate","damage_taken":0,"max_hp_gain":0,"max_hp_loss":0,"event_name":"Golden Shrine","floor":4,"gold_loss":0,"cards_obtained":["Regret"]},{"damage_healed":0,"gold_gain":0,"player_choice":"Obtained Book","damage_taken":21,"max_hp_gain":0,"max_hp_loss":0,"event_name":"Cursed Tome","floor":19,"gold_loss":0}],"is_beta":false,"boss_relics":[{"not_picked":["Runic Dome","Philosopher\u0027s Stone"],"picked":"Runic Pyramid"}],"items_purged_floors":[3],"is_endless":false,"potions_floor_spawned":[1,12,14],"killed_by":"Shell Parasite","ascension_level":20}