{"gold_per_floor":[118,118,137,36,36,36,36,36,36,36,62,62,90,101,101,172,172,182,182,182,7,0,0,0],"floor_reached":24,"playtime":456,"items_purged":["Shame"],"score":396,"play_id":"61f6a34c-347b-4457-be94-79fd39d02295","local_time":"20230126185613","is_ascension_mode":true,"campfire_choices":[{"data":"Flame Barrier","floor":6,"key":"SMITH"},{"floor":10,"key":"REST"},{"floor":12,"key":"REST"},{"data":"Flex","floor":15,"key":"SMITH"},{"floor":23,"key":"REST"}],"neow_cost":"NONE","seed_source_timestamp":863113676657900,"circlet_count":0,"master_deck":["AscendersBane","Strike_R","Strike_R","Defend_R","Defend_R","Defend_R","Bash","Cleave","Flame Barrier+1","Whirlwind+1","Flex+1","Double Tap","Body Slam","Trip"],"relics":["Burning Blood","Blood Vial","NlothsMask","Lizard Tail","Blue Candle","Magic Flower","Empty Cage","Oddly Smooth Stone"],"potions_floor_usage":[24],"damage_taken":[{"damage":18,"enemies":"Small Slimes","floor":1,"turns":6},{"damage":7,"enemies":"Cultist","floor":3,"turns":4},{"damage":24,"enemies":"Lagavulin","floor":11,"turns":7},{"damage":24,"enemies":"3 Sentries","floor":13,"turns":5},{"damage":0,"enemies":"2 Louse","floor":14,"turns":2},{"damage":103,"enemies":"Slime Boss","floor":16,"turns":12},{"damage":23,"enemies":"2 Thieves","floor":18,"turns":3},{"damage":100,"enemies":"Slavers","floor":24,"turns":4}],"seed_played":"8566656171278160055","potions_obtained":[{"floor":3,"key":"ElixirPotion"},{"floor":13,"key":"ElixirPotion"},{"floor":16,"key":"Regen Potion"}],"is_trial":false,"path_per_floor":["M","?","M","$","?","R","?","?","T","R","E","R","E","M","R","B",null,"M","?","?","$","?","R","E"],"character_chosen":"IRONCLAD","items_purchased":["Whirlwind","Flex","Trip"],"campfire_rested":3,"item_purchase_floors":[4,4,21],"current_hp_per_floor":[58,58,59,59,59,59,52,17,17,39,23,45,29,41,41,10,59,48,48,48,48,48,70,0],"gold":0,"neow_bonus":"RANDOM_COMMON_RELIC","is_prod":false,"is_daily":false,"chose_seed":false,"campfire_upgraded":2,"win_rate":0,"timestamp":1674755773,"path_taken":["M","?","?","?","?","R","?","?","T","R","E","R","E","M","R","BOSS","M","?","?","$","?","R","E"],"build_version":"2022-12-18","purchased_purges":1,"victory":false,"max_hp_per_floor":[75,75,75,75,75,75,75,75,75,75,75,75,75,75,75,75,75,75,75,75,75,75,75,75],"card_choices":[{"not_picked":["Warcry","Ghostly Armor"],"picked":"Cleave","floor":1},{"not_picked":["Cleave","Warcry"],"picked":"Flame Barrier","floor":3},{"not_picked":["Havoc","Heavy Blade","Sword Boomerang"],"picked":"SKIP","floor":11},{"not_picked":["Entrench","True Grit","Clothesline"],"picked":"SKIP","floor":13},{"not_picked":["Anger","Clash","Whirlwind"],"picked":"SKIP","floor":14},{"not_picked":["Berserk","Brutality"],"picked":"Double Tap","floor":16},{"not_picked":["Cleave","Rampage"],"picked":"Body Slam","floor":18}],"player_experience":2066232,"relics_obtained":[{"floor":11,"key":"Blue Candle"},{"floor":13,"key":"Magic Flower"}],"event_choices":[{"damage_healed":0,"gold_gain":0,"player_choice":"Trade","damage_taken":0,"relics_obtained":["NlothsMask"],"max_hp_gain":0,"max_hp_loss":0,"event_name":"FaceTrader","floor":2,"gold_loss":0},{"damage_healed":0,"gold_gain":0,"player_choice":"Grow","damage_taken":0,"max_hp_gain":0,"max_hp_loss":0,"event_name":"Living Wall","floor":5,"gold_loss":0,"cards_upgraded":["Whirlwind"]},{"cards_removed":["Strike_R"],"damage_healed":0,"gold_gain":0,"player_choice":"Card Removal","damage_taken":7,"max_hp_gain":0,"max_hp_loss":0,"event_name":"Golden Wing","floor":7,"gold_loss":0},{"damage_healed":0,"gold_gain":0,"player_choice":"Success","damage_taken":35,"relics_obtained":["Lizard Tail"],"max_hp_gain":0,"max_hp_loss":0,"event_name":"Scrap Ooze","floor":8,"gold_loss":0},{"cards_removed":["Defend_R"],"damage_healed":0,"gold_gain":0,"player_choice":"Elegance","damage_taken":0,"max_hp_gain":0,"max_hp_loss":0,"event_name":"Back to Basics","floor":19,"gold_loss":0},{"damage_healed":0,"gold_gain":0,"player_choice":"Stole Relic","damage_taken":0,"relics_obtained":["Oddly Smooth Stone"],"max_hp_gain":0,"max_hp_loss":0,"event_name":"Addict","floor":20,"gold_loss":0,"cards_obtained":["Shame"]},{"damage_healed":0,"gold_gain":0,"player_choice":"Paid Fearfully","damage_taken":0,"max_hp_gain":0,"max_hp_loss":0,"event_name":"Masked Bandits","floor":22,"gold_loss":7}],"is_beta":false,"boss_relics":[{"not_picked":["Coffee Dripper","Mark of Pain"],"picked":"Empty Cage"}],"items_purged_floors":[21],"is_endless":false,"potions_floor_spawned":[3,13,16],"killed_by":"Slavers","ascension_level":20}