{"gold_per_floor":[118,43,193,193,209,237,237,248,248,8,8,20,35,68,68,68],"floor_reached":16,"playtime":265,"items_purged":["Doubt"],"score":270,"play_id":"7144afb9-c301-42d9-a826-16474dc19b70","local_time":"20230130211827","is_ascension_mode":true,"campfire_choices":[{"data":"Searing Blow","floor":7,"key":"SMITH"},{"data":"Searing Blow+1","floor":11,"key":"SMITH"},{"data":"Searing Blow+2","floor":15,"key":"SMITH"}],"neow_cost":"NONE","seed_source_timestamp":303965725038400,"circlet_count":0,"master_deck":["AscendersBane","Strike_R","Strike_R","Strike_R","Strike_R","Defend_R","Defend_R","Defend_R","Defend_R","Bash","Rage","Searing Blow+3","Whirlwind","Power Through","Corruption"],"relics":["Burning Blood","NeowsBlessing","Blue Candle","Question Card","Chemical X","Kunai"],"potions_floor_usage":[12,14],"damage_taken":[{"damage":0,"enemies":"Jaw Worm","floor":1,"turns":1},{"damage":0,"enemies":"Small Slimes","floor":5,"turns":2},{"damage":0,"enemies":"Lagavulin","floor":6,"turns":2},{"damage":0,"enemies":"2 Louse","floor":8,"turns":2},{"damage":6,"enemies":"Blue Slaver","floor":12,"turns":3},{"damage":16,"enemies":"Exordium Thugs","floor":13,"turns":4},{"damage":28,"enemies":"Gremlin Nob","floor":14,"turns":4},{"damage":66,"enemies":"Hexaghost","floor":16,"turns":8}],"seed_played":"3821085144175112856","potions_obtained":[{"floor":1,"key":"SkillPotion"},{"floor":8,"key":"FearPotion"},{"floor":13,"key":"FairyPotion"},{"floor":14,"key":"SpeedPotion"}],"is_trial":false,"path_per_floor":["M","?","?","?","M","E","R","M","T","$","R","M","M","E","R","B"],"character_chosen":"IRONCLAD","items_purchased":["Chemical X"],"campfire_rested":0,"item_purchase_floors":[10],"current_hp_per_floor":[74,74,74,74,75,75,75,75,75,75,75,75,65,43,43,0],"gold":68,"neow_bonus":"THREE_ENEMY_KILL","is_prod":false,"is_daily":false,"chose_seed":false,"campfire_upgraded":3,"win_rate":0,"timestamp":1675109907,"path_taken":["M","?","?","?","M","E","R","M","T","?","R","?","M","E","R","BOSS"],"build_version":"2022-12-18","purchased_purges":1,"victory":false,"max_hp_per_floor":[75,75,75,75,75,75,75,75,75,75,75,75,75,75,75,75],"card_choices":[{"not_picked":["Wild Strike","Twin Strike"],"picked":"Rage","floor":1},{"not_picked":["Headbutt","Havoc"],"picked":"Searing Blow","floor":5},{"not_picked":["Body Slam","Ghostly Armor"],"picked":"Whirlwind","floor":6},{"not_picked":["Perfected Strike","Iron Wave","Exhume"],"picked":"SKIP","floor":8},{"not_picked":["Havoc","Rage","Thunderclap","Sever Soul"],"picked":"SKIP","floor":12},{"not_picked":["Dropkick","Clash","True Grit"],"picked":"Power Through","floor":13},{"not_picked":["Wild Strike","Sentinel","Twin Strike"],"picked":"Corruption","floor":14}],"player_experience":2076740,"relics_obtained":[{"floor":6,"key":"Blue Candle"},{"floor":9,"key":"Question Card"},{"floor":14,"key":"Kunai"}],"event_choices":[{"cards_removed":["Strike_R"],"damage_healed":0,"gold_gain":0,"player_choice":"Card Removal","damage_taken":0,"max_hp_gain":0,"max_hp_loss":0,"event_name":"The Cleric","floor":2,"gold_loss":75},{"damage_healed":0,"gold_gain":150,"player_choice":"AGREE","damage_taken":0,"max_hp_gain":0,"max_hp_loss":0,"event_name":"Liars Game","floor":3,"gold_loss":0,"cards_obtained":["Doubt"]},{"damage_healed":0,"gold_gain":0,"player_choice":"Ignored","damage_taken":0,"max_hp_gain":0,"max_hp_loss":0,"event_name":"Shining Light","floor":4,"gold_loss":0}],"is_beta":false,"boss_relics":[],"items_purged_floors":[10],"is_endless":false,"potions_floor_spawned":[1,8,13,14],"killed_by":"Hexaghost","ascension_level":20}