{"gold_per_floor":[111,124,49,324,339,365,365,397,471,471,471,484,484,496,496,496],"floor_reached":16,"playtime":429,"items_purged":["Strike_R"],"score":220,"play_id":"736d85ad-d1e3-4309-bed4-91e2b3e541bf","local_time":"20230206204531","is_ascension_mode":true,"campfire_choices":[{"data":"Body Slam","floor":7,"key":"SMITH"},{"floor":10,"key":"REST"},{"floor":15,"key":"REST"}],"neow_cost":"NONE","seed_source_timestamp":906639414602700,"circlet_count":0,"master_deck":["AscendersBane","Strike_R","Strike_R","Strike_R","Strike_R","Defend_R","Defend_R","Defend_R","Defend_R","Bash","Body Slam+1","Rage","Regret","Rampage","Pommel Strike","Dropkick","True Grit","Second Wind","Feed","Headbutt"],"relics":["Burning Blood","NeowsBlessing","Lizard Tail","PreservedInsect","Pear","Question Card"],"potions_floor_usage":[6,8],"damage_taken":[{"damage":0,"enemies":"Cultist","floor":1,"turns":1},{"damage":0,"enemies":"Jaw Worm","floor":2,"turns":1},{"damage":0,"enemies":"2 Louse","floor":5,"turns":1},{"damage":40,"enemies":"Lagavulin","floor":6,"turns":7},{"damage":42,"enemies":"3 Sentries","floor":8,"turns":11},{"damage":28,"enemies":"Large Slime","floor":12,"turns":5},{"damage":8,"enemies":"3 Louse","floor":14,"turns":3},{"damage":78,"enemies":"The Guardian","floor":16,"turns":13}],"seed_played":"-6055159762055448190","potions_obtained":[{"floor":1,"key":"CultistPotion"},{"floor":2,"key":"BloodPotion"}],"is_trial":false,"path_per_floor":["M","M","$","?","M","E","R","E","T","R","T","M","?","M","R","B"],"character_chosen":"IRONCLAD","items_purchased":[],"campfire_rested":2,"item_purchase_floors":[],"current_hp_per_floor":[74,75,75,75,75,41,41,20,30,55,55,33,33,34,60,29],"gold":496,"neow_bonus":"THREE_ENEMY_KILL","is_prod":false,"is_daily":false,"chose_seed":false,"campfire_upgraded":1,"win_rate":0,"timestamp":1675712731,"path_taken":["M","M","?","?","?","E","R","E","T","R","?","M","?","?","R","BOSS"],"build_version":"2022-12-18","purchased_purges":1,"victory":false,"max_hp_per_floor":[75,75,75,75,75,75,75,75,85,85,85,85,85,88,88,88],"card_choices":[{"not_picked":["Reckless Charge","Burning Pact"],"picked":"Body Slam","floor":1},{"not_picked":["Body Slam","Iron Wave"],"picked":"Rage","floor":2},{"not_picked":["Feel No Pain","Perfected Strike"],"picked":"Rampage","floor":5},{"not_picked":["Blood for Blood","Carnage"],"picked":"Pommel Strike","floor":6},{"not_picked":["Barricade","Rage"],"picked":"Dropkick","floor":8},{"not_picked":["Blood for Blood","Shrug It Off","Dual Wield"],"picked":"True Grit","floor":12},{"not_picked":["Shrug It Off","Reckless Charge","Pommel Strike","Bloodletting"],"picked":"SKIP","floor":14}],"player_experience":2108031,"relics_obtained":[{"floor":6,"key":"Lizard Tail"},{"floor":8,"key":"PreservedInsect"},{"floor":9,"key":"Pear"},{"floor":11,"key":"Question Card"}],"event_choices":[{"damage_healed":0,"gold_gain":275,"player_choice":"Desecrate","damage_taken":0,"max_hp_gain":0,"max_hp_loss":0,"event_name":"Golden Shrine","floor":4,"gold_loss":0,"cards_obtained":["Regret"]},{"damage_healed":0,"gold_gain":0,"player_choice":"3 cards matched","damage_taken":0,"max_hp_gain":0,"max_hp_loss":0,"event_name":"Match and Keep!","floor":13,"gold_loss":0,"cards_obtained":["Second Wind","Feed","Headbutt"]}],"is_beta":false,"boss_relics":[],"items_purged_floors":[3],"is_endless":false,"potions_floor_spawned":[1,2],"killed_by":"The Guardian","ascension_level":20}