{"gold_per_floor":[115,115,9,25,300,300,67,94,94,53,79,91,113,143,155,241,253,282,28,28,28,48,48],"floor_reached":23,"playtime":723,"items_purged":["Regret","Barricade"],"score":394,"play_id":"8249ef24-476c-4b61-8840-9735caae41ae","local_time":"20230202095057","is_ascension_mode":true,"campfire_choices":[{"floor":6,"key":"REST"},{"floor":15,"key":"REST"}],"neow_cost":"CURSE","seed_source_timestamp":521459357633200,"circlet_count":0,"master_deck":["AscendersBane","Strike_R","Defend_R+1","Defend_R","Defend_R","Defend_R+1","Bash","Violence","Thunderclap","Cleave","Shrug It Off","Inflame","Shrug It Off","Second Wind","Armaments","Dual Wield","Feel No Pain","Juggernaut","Metallicize","Reckless Charge+1","Shrug It Off+1","Barricade+1","Body Slam","Burning Pact"],"relics":["Burning Blood","Pocketwatch","Orrery","Mummified Hand","MawBank","Astrolabe","Medical Kit"],"potions_floor_usage":[11,23],"damage_taken":[{"damage":22,"enemies":"Small Slimes","floor":1,"turns":4},{"damage":10,"enemies":"Jaw Worm","floor":4,"turns":3},{"damage":34,"enemies":"Lagavulin","floor":8,"turns":7},{"damage":16,"enemies":"Gremlin Nob","floor":11,"turns":4},{"damage":0,"enemies":"Cultist","floor":13,"turns":3},{"damage":10,"enemies":"Large Slime","floor":14,"turns":4},{"damage":22,"enemies":"Slime Boss","floor":16,"turns":8},{"damage":27,"enemies":"2 Thieves","floor":18,"turns":5},{"damage":16,"enemies":"Shell Parasite","floor":22,"turns":5},{"damage":55,"enemies":"Book of Stabbing","floor":23,"turns":8}],"seed_played":"-6714324607524037640","potions_obtained":[{"floor":4,"key":"FairyPotion"},{"floor":8,"key":"FearPotion"},{"floor":16,"key":"HeartOfIron"}],"is_trial":false,"path_per_floor":["M","?","?","M","?","R","$","E","T","$","E","?","M","M","R","B",null,"M","$","?","?","M","E"],"character_chosen":"IRONCLAD","items_purchased":["Orrery","Dual Wield","Medical Kit"],"campfire_rested":2,"item_purchase_floors":[7,10,19],"current_hp_per_floor":[52,29,29,25,25,47,47,19,19,19,9,9,15,11,33,17,61,40,40,40,40,30,0],"gold":48,"neow_bonus":"RANDOM_COLORLESS_2","is_prod":false,"is_daily":false,"chose_seed":false,"campfire_upgraded":0,"win_rate":0,"timestamp":1675327857,"path_taken":["M","?","?","?","?","R","?","E","T","$","E","?","M","?","R","BOSS","M","$","?","?","?","E"],"build_version":"2022-12-18","purchased_purges":2,"victory":false,"max_hp_per_floor":[75,75,75,75,75,75,75,75,75,75,75,75,75,75,75,75,75,75,75,75,75,75,75],"card_choices":[{"not_picked":["Magnetism","Mayhem"],"picked":"Violence","floor":0},{"not_picked":["Perfected Strike","Reckless Charge"],"picked":"Thunderclap","floor":1},{"not_picked":["Seeing Red","Intimidate"],"picked":"Cleave","floor":4},{"not_picked":["Sword Boomerang","Wild Strike"],"picked":"Shrug It Off","floor":7},{"not_picked":["Sword Boomerang","Armaments"],"picked":"Inflame","floor":7},{"not_picked":["Clash","Heavy Blade"],"picked":"Shrug It Off","floor":7},{"not_picked":["Spot Weakness","Flex"],"picked":"Second Wind","floor":7},{"not_picked":["Perfected Strike","Twin Strike"],"picked":"Armaments","floor":7},{"not_picked":["Havoc","Rupture","Armaments"],"picked":"SKIP","floor":8},{"not_picked":["Body Slam","Hemokinesis"],"picked":"Feel No Pain","floor":11},{"not_picked":["Hemokinesis","Shrug It Off"],"picked":"Juggernaut","floor":13},{"not_picked":["Inflame","Sever Soul"],"picked":"Metallicize","floor":14},{"not_picked":["Demon Form","Exhume"],"picked":"Barricade","floor":16},{"not_picked":["Headbutt+1","Searing Blow"],"picked":"Body Slam","floor":18},{"not_picked":["Havoc","Iron Wave"],"picked":"Burning Pact","floor":22}],"player_experience":2084162,"relics_obtained":[{"floor":8,"key":"Mummified Hand"},{"floor":11,"key":"MawBank"}],"event_choices":[{"damage_healed":0,"gold_gain":0,"player_choice":"Entered Light","damage_taken":23,"max_hp_gain":0,"max_hp_loss":0,"event_name":"Shining Light","floor":2,"gold_loss":0,"cards_upgraded":["Defend_R","Defend_R"]},{"damage_healed":0,"gold_gain":0,"player_choice":"Paid Gold","damage_taken":0,"relics_obtained":["Pocketwatch"],"max_hp_gain":0,"max_hp_loss":0,"event_name":"WeMeetAgain","floor":3,"gold_loss":106},{"damage_healed":0,"gold_gain":275,"player_choice":"Desecrate","damage_taken":0,"max_hp_gain":0,"max_hp_loss":0,"event_name":"Golden Shrine","floor":5,"gold_loss":0,"cards_obtained":["Regret"]},{"cards_removed":["Regret"],"damage_healed":0,"gold_gain":0,"player_choice":"Removed Curses","damage_taken":0,"max_hp_gain":0,"max_hp_loss":0,"event_name":"Fountain of Cleansing","floor":12,"gold_loss":0},{"damage_healed":0,"gold_gain":0,"player_choice":"Ignored","damage_taken":0,"max_hp_gain":0,"max_hp_loss":0,"event_name":"Vampires","floor":20,"gold_loss":0},{"cards_removed":["Strike_R"],"damage_healed":0,"gold_gain":0,"player_choice":"Purged","damage_taken":0,"max_hp_gain":0,"max_hp_loss":0,"event_name":"Purifier","floor":21,"gold_loss":0}],"is_beta":false,"boss_relics":[{"not_picked":["Black Star","Empty Cage"],"picked":"Astrolabe"}],"items_purged_floors":[7,19],"is_endless":false,"potions_floor_spawned":[4,8,16],"killed_by":"Book of Stabbing","ascension_level":20}