{"gold_per_floor":[361,361,375,445,91,91,154,184,184,8,33,33,47,11,11,88,88,105,170,187,237,237],"floor_reached":22,"playtime":594,"items_purged":["Strike_R"],"score":388,"play_id":"d378da7a-55da-4f39-9a14-cd635f36f605","local_time":"20230208220611","is_ascension_mode":true,"campfire_choices":[{"data":"Rampage","floor":6,"key":"SMITH"},{"floor":15,"key":"REST"}],"neow_cost":"TEN_PERCENT_HP_LOSS","seed_source_timestamp":1084115252017600,"circlet_count":0,"master_deck":["AscendersBane","Strike_R","Strike_R","Strike_R","Defend_R","Defend_R","Defend_R","Defend_R","Bash","Battle Trance","Rampage+1","Feed","Cleave","Infernal Blade","Impervious","True Grit","Flame Barrier","Shrug It Off"],"relics":["Burning Blood","SsserpentHead","Mango","Akabeko","Matryoshka","Membership Card","WingedGreaves","HandDrill","Runic Dome"],"potions_floor_usage":[7,8,11,22],"damage_taken":[{"damage":4,"enemies":"2 Louse","floor":1,"turns":3},{"damage":6,"enemies":"Cultist","floor":3,"turns":3},{"damage":11,"enemies":"Jaw Worm","floor":4,"turns":4},{"damage":29,"enemies":"Gremlin Gang","floor":7,"turns":6},{"damage":24,"enemies":"Gremlin Nob","floor":8,"turns":4},{"damage":35,"enemies":"3 Sentries","floor":11,"turns":8},{"damage":27,"enemies":"Slime Boss","floor":16,"turns":7},{"damage":30,"enemies":"Spheric Guardian","floor":18,"turns":5},{"damage":13,"enemies":"Shell Parasite","floor":19,"turns":5},{"damage":28,"enemies":"Centurion and Healer","floor":20,"turns":6},{"damage":37,"enemies":"3 Cultists","floor":22,"turns":5}],"seed_played":"4393081649050197537","potions_obtained":[{"floor":1,"key":"Energy Potion"},{"floor":7,"key":"Weak Potion"},{"floor":8,"key":"ColorlessPotion"},{"floor":19,"key":"Block Potion"}],"is_trial":false,"path_per_floor":["M","?","M","M","$","R","M","E","T","$","E","$","?","$","R","B",null,"M","M","M","?","M"],"character_chosen":"IRONCLAD","items_purchased":["Mango","Membership Card","Cleave","HandDrill"],"campfire_rested":1,"item_purchase_floors":[5,10,10,14],"current_hp_per_floor":[68,68,68,63,77,77,54,36,36,36,10,10,10,10,35,14,67,46,42,23,23,0],"gold":237,"neow_bonus":"TWO_FIFTY_GOLD","is_prod":false,"is_daily":false,"chose_seed":false,"campfire_upgraded":1,"win_rate":0,"timestamp":1675890371,"path_taken":["M","?","M","?","?","R","?","E","T","$","E","$","?","?","R","BOSS","M","?","M","?","M"],"build_version":"2022-12-18","purchased_purges":1,"victory":false,"max_hp_per_floor":[68,68,68,68,82,82,82,82,82,82,85,85,85,85,85,85,85,88,91,94,94,94],"card_choices":[{"not_picked":["True Grit","Warcry"],"picked":"Battle Trance","floor":1},{"not_picked":["Rage","Pommel Strike"],"picked":"Rampage","floor":3},{"not_picked":["Carnage","Iron Wave","Wild Strike"],"picked":"SKIP","floor":4},{"not_picked":["Flame Barrier","Cleave"],"picked":"Feed","floor":7},{"not_picked":["Anger","Clash","Havoc"],"picked":"SKIP","floor":8},{"not_picked":["Headbutt","Iron Wave"],"picked":"Infernal Blade","floor":11},{"not_picked":["Double Tap","Bludgeon"],"picked":"Impervious","floor":16},{"not_picked":["Flex","Seeing Red+1"],"picked":"True Grit","floor":18},{"not_picked":["Heavy Blade","Blood for Blood"],"picked":"Flame Barrier","floor":19},{"not_picked":["Carnage+1","Brutality"],"picked":"Shrug It Off","floor":20}],"player_experience":2111211,"relics_obtained":[{"floor":8,"key":"Akabeko"},{"floor":9,"key":"Matryoshka"},{"floor":11,"key":"WingedGreaves"}],"event_choices":[{"damage_healed":0,"gold_gain":0,"player_choice":"Trade","damage_taken":0,"relics_obtained":["SsserpentHead"],"max_hp_gain":0,"max_hp_loss":0,"event_name":"FaceTrader","floor":2,"gold_loss":0},{"damage_healed":0,"gold_gain":0,"player_choice":"Left Gold","damage_taken":0,"max_hp_gain":0,"max_hp_loss":0,"event_name":"World of Goop","floor":13,"gold_loss":36},{"cards_removed":["Strike_R"],"damage_healed":0,"gold_gain":0,"player_choice":"Purged","damage_taken":0,"max_hp_gain":0,"max_hp_loss":0,"event_name":"Purifier","floor":21,"gold_loss":0}],"is_beta":false,"boss_relics":[{"not_picked":["Runic Pyramid","Mark of Pain"],"picked":"Runic Dome"}],"items_purged_floors":[5],"is_endless":false,"potions_floor_spawned":[1,7,8,19],"killed_by":"3 Cultists","ascension_level":20}