{"gold_per_floor":[115,115,115,125,125,125,156,174,199,199,217,40,57,89,89,89],"floor_reached":16,"playtime":568,"items_purged":["Pain"],"score":220,"play_id":"1e9bc5a1-1022-400b-a4e0-63d518b1e12d","local_time":"20230202193909","is_ascension_mode":true,"campfire_choices":[{"data":"Reaper","floor":6,"key":"SMITH"},{"floor":10,"key":"REST"},{"data":"Disarm","floor":15,"key":"SMITH"}],"neow_cost":"CURSE","seed_source_timestamp":556911125401200,"circlet_count":0,"master_deck":["AscendersBane","Strike_R","Strike_R","Strike_R+1","Strike_R","Strike_R","Defend_R","Defend_R","Defend_R+1","Defend_R","Bash","Reaper+1","Shrug It Off","Cleave","Second Wind","Intimidate","Disarm+1","Panacea","Metallicize"],"relics":["Burning Blood","WarpedTongs","Nunchaku","Art of War","MealTicket"],"potions_floor_usage":[16],"damage_taken":[{"damage":21,"enemies":"Small Slimes","floor":1,"turns":5},{"damage":7,"enemies":"2 Louse","floor":4,"turns":4},{"damage":47,"enemies":"3 Sentries","floor":7,"turns":10},{"damage":9,"enemies":"Cultist","floor":8,"turns":4},{"damage":8,"enemies":"Blue Slaver","floor":11,"turns":5},{"damage":11,"enemies":"Large Slime","floor":13,"turns":7},{"damage":32,"enemies":"Lagavulin","floor":14,"turns":10},{"damage":27,"enemies":"Hexaghost","floor":16,"turns":10}],"seed_played":"-980344580038732082","potions_obtained":[{"floor":4,"key":"Ancient Potion"},{"floor":11,"key":"Weak Potion"},{"floor":13,"key":"PowerPotion"}],"is_trial":false,"path_per_floor":["M","?","?","M","?","R","E","M","T","R","M","$","M","E","R","B"],"character_chosen":"IRONCLAD","items_purchased":["Panacea"],"campfire_rested":1,"item_purchase_floors":[12],"current_hp_per_floor":[60,37,37,44,44,44,18,20,20,42,43,43,43,20,20,0],"gold":89,"neow_bonus":"THREE_RARE_CARDS","is_prod":false,"is_daily":false,"chose_seed":false,"campfire_upgraded":2,"win_rate":0,"timestamp":1675363149,"path_taken":["M","?","?","M","?","R","E","?","T","R","M","$","M","E","R","BOSS"],"build_version":"2022-12-18","purchased_purges":1,"victory":false,"max_hp_per_floor":[75,75,75,75,75,75,75,75,75,75,75,75,75,75,75,75],"card_choices":[{"not_picked":["Berserk","Brutality"],"picked":"Reaper","floor":0},{"not_picked":["Warcry","Havoc"],"picked":"Shrug It Off","floor":1},{"not_picked":["Wild Strike","Shrug It Off"],"picked":"Cleave","floor":4},{"not_picked":["Carnage","Dark Embrace"],"picked":"Second Wind","floor":7},{"not_picked":["Cleave","True Grit"],"picked":"Intimidate","floor":8},{"not_picked":["Warcry","Cleave"],"picked":"Disarm","floor":11},{"not_picked":["Thunderclap","Fiend Fire","Twin Strike"],"picked":"SKIP","floor":13},{"not_picked":["Rampage","Body Slam"],"picked":"Metallicize","floor":14}],"player_experience":2084885,"relics_obtained":[{"floor":7,"key":"Nunchaku"},{"floor":9,"key":"Art of War"},{"floor":14,"key":"MealTicket"}],"event_choices":[{"damage_healed":0,"gold_gain":0,"player_choice":"Entered Light","damage_taken":23,"max_hp_gain":0,"max_hp_loss":0,"event_name":"Shining Light","floor":2,"gold_loss":0,"cards_upgraded":["Strike_R","Defend_R"]},{"cards_removed":["Decay"],"damage_healed":0,"gold_gain":0,"player_choice":"Forget","damage_taken":0,"max_hp_gain":0,"max_hp_loss":0,"event_name":"Living Wall","floor":3,"gold_loss":0},{"damage_healed":0,"gold_gain":0,"player_choice":"Rummage","damage_taken":0,"relics_obtained":["WarpedTongs"],"max_hp_gain":0,"max_hp_loss":0,"event_name":"Accursed Blacksmith","floor":5,"gold_loss":0,"cards_obtained":["Pain"]}],"is_beta":false,"boss_relics":[],"items_purged_floors":[12],"is_endless":false,"potions_floor_spawned":[4,11,13,14],"killed_by":"Hexaghost","ascension_level":20}