{"gold_per_floor":[363,379,398,1,18,18,47,60,60,60,74,106,6,16,16,90,90,101,101,1,1,20,49,49],"floor_reached":24,"playtime":808,"items_purged":["Strike_R","Strike_R"],"score":456,"play_id":"a005111f-0276-48df-b592-4ab56102144d","local_time":"20230208222001","is_ascension_mode":true,"campfire_choices":[{"data":"Juggernaut","floor":6,"key":"SMITH"},{"floor":10,"key":"REST"},{"floor":15,"key":"REST"}],"neow_cost":"TEN_PERCENT_HP_LOSS","seed_source_timestamp":1084732450226000,"circlet_count":0,"master_deck":["AscendersBane","Strike_R","Strike_R","Strike_R","Defend_R","Defend_R","Defend_R","Defend_R","Bash","Flex","Flame Barrier","Cleave","Juggernaut+1","Pummel","Juggernaut","Dropkick","Shrug It Off","Flash of Steel","Spot Weakness","Berserk","Whirlwind","Flex","Limit Break","Seeing Red","Limit Break"],"relics":["Burning Blood","MealTicket","HornCleat","Shuriken","White Beast Statue","SacredBark","Sundial"],"potions_floor_usage":[7,12,18,23,23,24],"damage_taken":[{"damage":6,"enemies":"Cultist","floor":1,"turns":3},{"damage":8,"enemies":"Small Slimes","floor":2,"turns":3},{"damage":3,"enemies":"2 Louse","floor":3,"turns":2},{"damage":7,"enemies":"Blue Slaver","floor":5,"turns":5},{"damage":63,"enemies":"Gremlin Nob","floor":7,"turns":5},{"damage":5,"enemies":"2 Fungi Beasts","floor":8,"turns":4},{"damage":14,"enemies":"Large Slime","floor":11,"turns":5},{"damage":15,"enemies":"Lagavulin","floor":12,"turns":7},{"damage":14,"enemies":"Gremlin Gang","floor":14,"turns":5},{"damage":40,"enemies":"The Guardian","floor":16,"turns":11},{"damage":25,"enemies":"2 Thieves","floor":18,"turns":5},{"damage":31,"enemies":"Chosen","floor":22,"turns":4},{"damage":7,"enemies":"Slavers","floor":23,"turns":3},{"damage":71,"enemies":"Shelled Parasite and Fungi","floor":24,"turns":6}],"seed_played":"5438667162457379137","potions_obtained":[{"floor":2,"key":"DistilledChaos"},{"floor":8,"key":"Weak Potion"},{"floor":14,"key":"Explosive Potion"},{"floor":16,"key":"SpeedPotion"},{"floor":18,"key":"PowerPotion"},{"floor":22,"key":"Explosive Potion"},{"floor":23,"key":"Regen Potion"}],"is_trial":false,"path_per_floor":["M","M","M","$","M","R","E","M","T","R","M","E","$","M","R","B",null,"M","?","$","?","M","E","M"],"character_chosen":"IRONCLAD","items_purchased":["Juggernaut","MealTicket","Flash of Steel"],"campfire_rested":2,"item_purchase_floors":[4,4,13],"current_hp_per_floor":[68,66,68,68,67,67,10,11,11,31,23,14,29,21,41,7,53,34,34,49,49,24,23,0],"gold":49,"neow_bonus":"TWO_FIFTY_GOLD","is_prod":false,"is_daily":false,"chose_seed":false,"campfire_upgraded":1,"win_rate":0,"timestamp":1675891201,"path_taken":["M","?","M","$","M","R","E","?","T","R","M","E","$","?","R","BOSS","M","?","?","?","M","E","M"],"build_version":"2022-12-18","purchased_purges":2,"victory":false,"max_hp_per_floor":[68,68,68,68,68,68,68,68,68,68,68,68,68,68,68,68,68,68,68,68,68,68,68,68],"card_choices":[{"not_picked":["Clash","True Grit"],"picked":"Flex","floor":1},{"not_picked":["Headbutt","Havoc"],"picked":"Flame Barrier","floor":2},{"not_picked":["Heavy Blade","Warcry"],"picked":"Cleave","floor":3},{"not_picked":["Rampage","Twin Strike"],"picked":"Pummel","floor":5},{"not_picked":["Offering","Clothesline"],"picked":"Juggernaut","floor":7},{"not_picked":["Sword Boomerang","Clash"],"picked":"Dropkick","floor":8},{"not_picked":["Heavy Blade","Clash","Dark Embrace"],"picked":"SKIP","floor":11},{"not_picked":["Headbutt","Pommel Strike"],"picked":"Shrug It Off","floor":12},{"not_picked":["Headbutt","Dual Wield"],"picked":"Spot Weakness","floor":14},{"not_picked":["Corruption","Exhume"],"picked":"Berserk","floor":16},{"not_picked":["Dark Embrace","Blood for Blood"],"picked":"Whirlwind","floor":18},{"not_picked":["True Grit","Body Slam"],"picked":"Seeing Red","floor":22},{"not_picked":["Power Through","Clothesline"],"picked":"Limit Break","floor":23}],"player_experience":2111805,"relics_obtained":[{"floor":7,"key":"HornCleat"},{"floor":9,"key":"Shuriken"},{"floor":12,"key":"White Beast Statue"},{"floor":23,"key":"Sundial"}],"event_choices":[{"damage_healed":0,"gold_gain":0,"player_choice":"2 cards matched","damage_taken":0,"max_hp_gain":0,"max_hp_loss":0,"event_name":"Match and Keep!","floor":19,"gold_loss":0,"cards_obtained":["Flex","Limit Break"]},{"damage_healed":0,"gold_gain":0,"player_choice":"Ignored","damage_taken":0,"max_hp_gain":0,"max_hp_loss":0,"event_name":"Ghosts","floor":21,"gold_loss":0}],"is_beta":false,"boss_relics":[{"not_picked":["Tiny House","Sozu"],"picked":"SacredBark"}],"items_purged_floors":[4,20],"is_endless":false,"potions_floor_spawned":[2,8,14,16,18,22,23],"killed_by":"Shelled Parasite and Fungi","ascension_level":20}