{"gold_per_floor":[114,114,114,132,282,282,314,314,314,314,349,364,364,43,43,43],"floor_reached":16,"playtime":374,"items_purged":["Doubt"],"score":262,"play_id":"d00a1316-1598-4081-a740-73ad16034f33","local_time":"20230131083826","is_ascension_mode":true,"campfire_choices":[{"data":"Body Slam","floor":6,"key":"SMITH"},{"data":"Second Wind","floor":8,"key":"SMITH"},{"floor":15,"key":"REST"}],"neow_cost":"NONE","seed_source_timestamp":344657501424500,"circlet_count":0,"master_deck":["AscendersBane","Strike_R","Strike_R","Strike_R","Defend_R","Defend_R","Defend_R","Defend_R","Bash","Power Through+1","Wild Strike","Body Slam+1","Second Wind+1","Barricade","Whirlwind+1","Entrench","Shrug It Off"],"relics":["Burning Blood","NeowsBlessing","WingedGreaves","Dream Catcher","Pen Nib","Sling"],"potions_floor_usage":[11,16],"damage_taken":[{"damage":0,"enemies":"Small Slimes","floor":1,"turns":1},{"damage":0,"enemies":"Jaw Worm","floor":4,"turns":1},{"damage":0,"enemies":"3 Sentries","floor":7,"turns":1},{"damage":56,"enemies":"Gremlin Nob","floor":11,"turns":6},{"damage":6,"enemies":"2 Louse","floor":12,"turns":3},{"damage":38,"enemies":"The Guardian","floor":16,"turns":13}],"seed_played":"-8518127413576715866","potions_obtained":[{"floor":1,"key":"EssenceOfSteel"},{"floor":10,"key":"Strength Potion"},{"floor":10,"key":"HeartOfIron"},{"floor":12,"key":"SteroidPotion"}],"is_trial":false,"path_per_floor":["M","?","?","M","?","R","E","R","T","?","E","M","?","$","R","B"],"character_chosen":"IRONCLAD","items_purchased":["Entrench","Sling"],"campfire_rested":1,"item_purchase_floors":[14,14],"current_hp_per_floor":[74,74,67,73,73,73,75,75,75,75,25,25,2,2,24,0],"gold":43,"neow_bonus":"THREE_ENEMY_KILL","is_prod":false,"is_daily":false,"chose_seed":false,"campfire_upgraded":2,"win_rate":0,"timestamp":1675150706,"path_taken":["M","?","?","?","?","R","E","R","T","?","E","?","?","$","R","BOSS"],"build_version":"2022-12-18","purchased_purges":1,"victory":false,"max_hp_per_floor":[75,75,75,75,75,75,75,75,75,75,75,75,75,75,75,75],"card_choices":[{"not_picked":["Sword Boomerang","True Grit"],"picked":"Power Through","floor":1},{"not_picked":["Twin Strike","Reckless Charge"],"picked":"Body Slam","floor":4},{"not_picked":["Bludgeon","Shrug It Off"],"picked":"Second Wind","floor":7},{"not_picked":["Twin Strike","Dual Wield"],"picked":"Barricade","floor":11},{"not_picked":["Twin Strike","Flex"],"picked":"Whirlwind","floor":12},{"not_picked":["True Grit","Heavy Blade"],"picked":"Shrug It Off","floor":15}],"player_experience":2080597,"relics_obtained":[{"floor":7,"key":"WingedGreaves"},{"floor":9,"key":"Dream Catcher"},{"floor":11,"key":"Pen Nib"}],"event_choices":[{"damage_healed":0,"gold_gain":0,"cards_transformed":["Strike_R"],"player_choice":"Change","damage_taken":0,"max_hp_gain":0,"max_hp_loss":0,"event_name":"Living Wall","floor":2,"gold_loss":0,"cards_obtained":["Wild Strike"]},{"cards_removed":["Strike_R"],"damage_healed":0,"gold_gain":0,"player_choice":"Card Removal","damage_taken":7,"max_hp_gain":0,"max_hp_loss":0,"event_name":"Golden Wing","floor":3,"gold_loss":0},{"damage_healed":0,"gold_gain":150,"player_choice":"AGREE","damage_taken":0,"max_hp_gain":0,"max_hp_loss":0,"event_name":"Liars Game","floor":5,"gold_loss":0,"cards_obtained":["Doubt"]},{"damage_healed":0,"gold_gain":0,"player_choice":"Got Potions","damage_taken":0,"max_hp_gain":0,"max_hp_loss":0,"event_name":"Lab","floor":10,"gold_loss":0},{"damage_healed":0,"gold_gain":0,"player_choice":"Entered Light","damage_taken":23,"max_hp_gain":0,"max_hp_loss":0,"event_name":"Shining Light","floor":13,"gold_loss":0,"cards_upgraded":["Whirlwind","Power Through"]}],"is_beta":false,"boss_relics":[],"items_purged_floors":[14],"is_endless":false,"potions_floor_spawned":[1,12],"killed_by":"The Guardian","ascension_level":20}