{"gold_per_floor":[118,118,135,149,424,424,449,39,39,39,74,74,74,74],"floor_reached":14,"playtime":295,"items_purged":["Regret"],"score":192,"play_id":"4741a94c-ba63-43f1-86b1-115477f9212b","local_time":"20230130220605","is_ascension_mode":true,"campfire_choices":[{"data":"Bludgeon","floor":6,"key":"SMITH"},{"data":"Dual Wield","floor":10,"key":"SMITH"}],"neow_cost":"TEN_PERCENT_HP_LOSS","seed_source_timestamp":306794832939000,"circlet_count":0,"master_deck":["AscendersBane","Strike_R","Strike_R","Strike_R","Defend_R","Defend_R","Defend_R","Defend_R","Bash","Bludgeon+1","Shrug It Off","Exhume","Havoc","Dual Wield+1","Ghostly Armor","Havoc"],"relics":["Burning Blood","Self Forming Clay","Regal Pillow","Juzu Bracelet","Bottled Flame","Darkstone Periapt"],"potions_floor_usage":[14],"damage_taken":[{"damage":7,"enemies":"Jaw Worm","floor":1,"turns":3},{"damage":0,"enemies":"Cultist","floor":3,"turns":3},{"damage":1,"enemies":"Small Slimes","floor":4,"turns":3},{"damage":32,"enemies":"Gremlin Nob","floor":7,"turns":4},{"damage":29,"enemies":"Lagavulin","floor":11,"turns":6},{"damage":15,"enemies":"3 Sentries","floor":14,"turns":5}],"seed_played":"3523072421645625841","potions_obtained":[{"floor":7,"key":"Dexterity Potion"},{"floor":11,"key":"GamblersBrew"}],"is_trial":false,"path_per_floor":["M","?","M","M","?","R","E","$","T","R","E","?","?","E"],"character_chosen":"IRONCLAD","items_purchased":["Regal Pillow","Juzu Bracelet"],"campfire_rested":0,"item_purchase_floors":[8,8],"current_hp_per_floor":[67,67,68,68,68,68,42,42,42,42,19,19,12,0],"gold":74,"neow_bonus":"THREE_RARE_CARDS","is_prod":false,"is_daily":false,"chose_seed":false,"campfire_upgraded":2,"win_rate":0,"timestamp":1675112765,"path_taken":["M","?","M","?","?","R","E","$","T","R","E","?","?","E"],"build_version":"2022-12-18","purchased_purges":1,"victory":false,"max_hp_per_floor":[68,68,68,68,68,68,68,68,68,68,68,68,68,68],"card_choices":[{"not_picked":["Exhume","Brutality"],"picked":"Bludgeon","floor":0},{"not_picked":["Wild Strike","Flex"],"picked":"Shrug It Off","floor":1},{"not_picked":["Armaments","Wild Strike"],"picked":"Havoc","floor":3},{"not_picked":["Sword Boomerang","Thunderclap","Second Wind"],"picked":"SKIP","floor":4},{"not_picked":["Perfected Strike","Blood for Blood"],"picked":"Dual Wield","floor":7},{"not_picked":["Battle Trance","Dark Embrace"],"picked":"Ghostly Armor","floor":11}],"player_experience":2079445,"relics_obtained":[{"floor":7,"key":"Self Forming Clay"},{"floor":9,"key":"Bottled Flame"},{"floor":11,"key":"Darkstone Periapt"}],"event_choices":[{"damage_healed":0,"gold_gain":0,"player_choice":"1 cards matched","damage_taken":0,"max_hp_gain":0,"max_hp_loss":0,"event_name":"Match and Keep!","floor":2,"gold_loss":0,"cards_obtained":["Exhume"]},{"damage_healed":0,"gold_gain":275,"player_choice":"Desecrate","damage_taken":0,"max_hp_gain":0,"max_hp_loss":0,"event_name":"Golden Shrine","floor":5,"gold_loss":0,"cards_obtained":["Regret"]},{"damage_healed":0,"gold_gain":0,"cards_transformed":["Strike_R"],"player_choice":"Change","damage_taken":0,"max_hp_gain":0,"max_hp_loss":0,"event_name":"Living Wall","floor":12,"gold_loss":0,"cards_obtained":["Havoc"]},{"cards_removed":["Strike_R"],"damage_healed":0,"gold_gain":0,"player_choice":"Card Removal","damage_taken":7,"max_hp_gain":0,"max_hp_loss":0,"event_name":"Golden Wing","floor":13,"gold_loss":0}],"is_beta":false,"boss_relics":[],"items_purged_floors":[8],"is_endless":false,"potions_floor_spawned":[7,11],"killed_by":"3 Sentries","ascension_level":20}