{"gold_per_floor":[112,8,8,8,20,47,47,58,58,58],"floor_reached":10,"playtime":236,"items_purged":["Writhe"],"score":132,"play_id":"e747361d-b46c-4e71-9f8d-5f7250b2c5fa","local_time":"20230209182054","is_ascension_mode":true,"campfire_choices":[{"floor":7,"key":"REST"}],"neow_cost":"CURSE","seed_source_timestamp":1157357699621800,"circlet_count":0,"master_deck":["AscendersBane","Strike_R","Strike_R","Strike_R","Strike_R","Strike_R","Defend_R","Defend_R","Defend_R","Defend_R","Bash","Juggernaut","Iron Wave","Cleave","Berserk","Intimidate"],"relics":["Burning Blood","Pantograph","Smiling Mask","Singing Bowl"],"potions_floor_usage":[6],"damage_taken":[{"damage":14,"enemies":"2 Louse","floor":1,"turns":4},{"damage":7,"enemies":"Small Slimes","floor":5,"turns":4},{"damage":43,"enemies":"3 Sentries","floor":6,"turns":9},{"damage":5,"enemies":"Jaw Worm","floor":8,"turns":4},{"damage":37,"enemies":"Gremlin Nob","floor":10,"turns":3}],"seed_played":"8243425934639646218","potions_obtained":[{"floor":5,"key":"EssenceOfSteel"}],"is_trial":false,"path_per_floor":["M","$","?","?","M","E","R","M","T","E"],"character_chosen":"IRONCLAD","items_purchased":["Cleave"],"campfire_rested":1,"item_purchase_floors":[2],"current_hp_per_floor":[60,60,25,50,49,12,34,35,35,0],"gold":58,"neow_bonus":"THREE_RARE_CARDS","is_prod":false,"is_daily":false,"chose_seed":false,"campfire_upgraded":0,"win_rate":0,"timestamp":1675963254,"path_taken":["M","$","?","?","M","E","R","M","T","E"],"build_version":"2022-12-18","purchased_purges":1,"victory":false,"max_hp_per_floor":[75,75,75,75,75,75,75,75,75,75],"card_choices":[{"not_picked":["Fiend Fire","Limit Break"],"picked":"Juggernaut","floor":0},{"not_picked":["Pommel Strike","Battle Trance"],"picked":"Iron Wave","floor":1},{"not_picked":["Perfected Strike","Havoc","Thunderclap"],"picked":"SKIP","floor":5},{"not_picked":["Warcry","Perfected Strike"],"picked":"Berserk","floor":6},{"not_picked":["Anger","Burning Pact"],"picked":"Intimidate","floor":8}],"player_experience":2114482,"relics_obtained":[{"floor":6,"key":"Smiling Mask"},{"floor":9,"key":"Singing Bowl"}],"event_choices":[{"damage_healed":0,"gold_gain":0,"player_choice":"Success","damage_taken":35,"relics_obtained":["Pantograph"],"max_hp_gain":0,"max_hp_loss":0,"event_name":"Scrap Ooze","floor":3,"gold_loss":0},{"damage_healed":25,"gold_gain":0,"player_choice":"Banana","damage_taken":0,"max_hp_gain":0,"max_hp_loss":0,"event_name":"Big Fish","floor":4,"gold_loss":0}],"is_beta":false,"boss_relics":[],"items_purged_floors":[2],"is_endless":false,"potions_floor_spawned":[5],"killed_by":"Gremlin Nob","ascension_level":20}