{"gold_per_floor":[51,87,162,212,21,21,75,75,99,99,134,188,113,175,175,271,271,307,307,349,364,18,18],"floor_reached":23,"playtime":900,"items_purged":["Strike_R"],"score":402,"play_id":"32ee7cb0-b9ea-4855-b963-646dc489f136","local_time":"20230211143654","is_ascension_mode":true,"campfire_choices":[{"data":"Apotheosis","floor":6,"key":"SMITH"},{"floor":8,"key":"REST"},{"floor":15,"key":"REST"}],"neow_cost":"NO_GOLD","seed_source_timestamp":1316059047543100,"circlet_count":0,"master_deck":["AscendersBane","Strike_R+1","Strike_R+1","Defend_R","Defend_R","Defend_R","Defend_R","Bash","HandOfGreed","Infernal Blade","True Grit","Warcry","Apotheosis+1","Flame Barrier","Uppercut","Dropkick","Spot Weakness","Double Tap","J.A.X.","Feel No Pain+1","Body Slam"],"relics":["Burning Blood","Blood Vial","Smiling Mask","Whetstone","SlaversCollar","Membership Card","Kunai"],"potions_floor_usage":[12,16,21,23,23],"damage_taken":[{"damage":8,"enemies":"Small Slimes","floor":1,"turns":4},{"damage":6,"enemies":"Jaw Worm","floor":2,"turns":3},{"damage":1,"enemies":"2 Louse","floor":4,"turns":5},{"damage":50,"enemies":"Gremlin Nob","floor":7,"turns":5},{"damage":0,"enemies":"Blue Slaver","floor":11,"turns":4},{"damage":12,"enemies":"3 Sentries","floor":12,"turns":7},{"damage":9,"enemies":"2 Fungi Beasts","floor":14,"turns":5},{"damage":24,"enemies":"The Guardian","floor":16,"turns":10},{"damage":17,"enemies":"Chosen","floor":18,"turns":5},{"damage":34,"enemies":"Spheric Guardian","floor":20,"turns":7},{"damage":27,"enemies":"Snake Plant","floor":21,"turns":5},{"damage":20,"enemies":"Book of Stabbing","floor":23,"turns":3}],"seed_played":"7356367665501455467","potions_obtained":[{"floor":4,"key":"SteroidPotion"},{"floor":11,"key":"Energy Potion"},{"floor":12,"key":"SkillPotion"},{"floor":18,"key":"Explosive Potion"},{"floor":21,"key":"PowerPotion"}],"is_trial":false,"path_per_floor":["M","M","?","M","$","R","E","R","T","?","M","E","?","M","R","B",null,"M","?","M","M","$","E"],"character_chosen":"IRONCLAD","items_purchased":["Apotheosis","Membership Card","Kunai"],"campfire_rested":2,"item_purchase_floors":[5,22,22],"current_hp_per_floor":[66,66,55,60,60,60,16,38,38,38,46,42,42,41,63,47,68,59,59,33,14,14,0],"gold":18,"neow_bonus":"RANDOM_COLORLESS_2","is_prod":false,"is_daily":false,"chose_seed":false,"campfire_upgraded":1,"win_rate":0,"timestamp":1676122614,"path_taken":["M","M","?","M","$","R","E","R","T","?","M","E","?","?","R","BOSS","M","?","M","M","$","E"],"build_version":"2022-12-18","purchased_purges":1,"victory":false,"max_hp_per_floor":[75,75,75,75,75,75,75,75,75,75,75,75,75,75,75,75,75,75,75,75,75,75,75],"card_choices":[{"not_picked":["Secret Technique","Master of Strategy"],"picked":"HandOfGreed","floor":0},{"not_picked":["Pummel","Sword Boomerang"],"picked":"Infernal Blade","floor":1},{"not_picked":["Clothesline","Clash"],"picked":"True Grit","floor":2},{"not_picked":["Heavy Blade","Rupture"],"picked":"Warcry","floor":4},{"not_picked":["Bloodletting","True Grit","Warcry"],"picked":"SKIP","floor":7},{"not_picked":["Armaments","Clothesline","Uppercut"],"picked":"SKIP","floor":11},{"not_picked":["Armaments","Clothesline"],"picked":"Uppercut","floor":11},{"not_picked":["Bludgeon","Disarm"],"picked":"Dropkick","floor":12},{"not_picked":["Anger","Wild Strike"],"picked":"Spot Weakness","floor":14},{"not_picked":["Reaper","Immolate"],"picked":"Double Tap","floor":16},{"not_picked":["Headbutt","Twin Strike","Anger"],"picked":"SKIP","floor":18},{"not_picked":["Flex","Spot Weakness"],"picked":"Feel No Pain+1","floor":20},{"not_picked":["Wild Strike","Sword Boomerang"],"picked":"Body Slam","floor":21}],"player_experience":2122746,"relics_obtained":[{"floor":7,"key":"Blood Vial"},{"floor":9,"key":"Smiling Mask"},{"floor":12,"key":"Whetstone"}],"event_choices":[{"damage_healed":0,"gold_gain":75,"player_choice":"Gather Gold","damage_taken":11,"max_hp_gain":0,"max_hp_loss":0,"event_name":"World of Goop","floor":3,"gold_loss":0},{"damage_healed":0,"gold_gain":0,"cards_transformed":["Strike_R"],"player_choice":"Change","damage_taken":0,"max_hp_gain":0,"max_hp_loss":0,"event_name":"Living Wall","floor":10,"gold_loss":0,"cards_obtained":["Flame Barrier"]},{"cards_removed":["Strike_R"],"damage_healed":0,"gold_gain":0,"player_choice":"Card Removal","damage_taken":0,"max_hp_gain":0,"max_hp_loss":0,"event_name":"The Cleric","floor":13,"gold_loss":75},{"damage_healed":0,"gold_gain":0,"player_choice":"Obtain J.A.X.","damage_taken":0,"max_hp_gain":0,"max_hp_loss":0,"event_name":"Drug Dealer","floor":19,"gold_loss":0,"cards_obtained":["J.A.X."]}],"is_beta":false,"boss_relics":[{"not_picked":["Mark of Pain","Black Blood"],"picked":"SlaversCollar"}],"items_purged_floors":[22],"is_endless":false,"potions_floor_spawned":[4,11,12,18,21],"killed_by":"Book of Stabbing","ascension_level":20}