{"gold_per_floor":[110,185,198,123,8,8,33,33,33,68,68,68,68,93,93,93],"floor_reached":16,"playtime":346,"items_purged":["Strike_R"],"score":262,"play_id":"397383c5-dd79-4e0a-bc77-ad94ba2da001","local_time":"20230225131818","is_ascension_mode":true,"campfire_choices":[{"data":"Second Wind","floor":6,"key":"SMITH"},{"data":"Cleave","floor":8,"key":"SMITH"},{"data":"Disarm","floor":11,"key":"SMITH"},{"data":"Bash","floor":15,"key":"SMITH"}],"neow_cost":"NONE","seed_source_timestamp":2521513784044500,"circlet_count":0,"master_deck":["AscendersBane","Strike_R","Strike_R","Strike_R","Defend_R","Defend_R","Defend_R","Defend_R","Bash+1","Clothesline","Second Wind+1","Battle Trance","Cleave+1","Disarm+1","Wild Strike"],"relics":["Burning Blood","NeowsBlessing","White Beast Statue","Bag of Marbles","Orichalcum","Golden Idol","Blue Candle"],"potions_floor_usage":[10,16,16],"damage_taken":[{"damage":0,"enemies":"Jaw Worm","floor":1,"turns":1},{"damage":0,"enemies":"2 Louse","floor":3,"turns":1},{"damage":0,"enemies":"Lagavulin","floor":7,"turns":1},{"damage":27,"enemies":"3 Sentries","floor":10,"turns":10},{"damage":1,"enemies":"Cultist","floor":14,"turns":3},{"damage":79,"enemies":"Slime Boss","floor":16,"turns":11}],"seed_played":"-2147413310726042125","potions_obtained":[{"floor":3,"key":"FearPotion"},{"floor":10,"key":"BloodPotion"},{"floor":14,"key":"BlessingOfTheForge"}],"is_trial":false,"path_per_floor":["M","?","M","?","$","R","E","R","T","E","R","?","T","M","R","B"],"character_chosen":"IRONCLAD","items_purchased":["Battle Trance"],"campfire_rested":0,"item_purchase_floors":[5],"current_hp_per_floor":[74,63,69,69,69,69,75,75,75,54,54,54,54,59,59,0],"gold":93,"neow_bonus":"THREE_ENEMY_KILL","is_prod":false,"is_daily":false,"chose_seed":false,"campfire_upgraded":4,"win_rate":0,"timestamp":1677327498,"path_taken":["M","?","M","?","?","R","E","R","T","E","R","?","?","M","R","BOSS"],"build_version":"2022-12-18","purchased_purges":1,"victory":false,"max_hp_per_floor":[75,75,75,75,75,75,75,75,75,75,75,68,68,68,68,68],"card_choices":[{"not_picked":["Flex","Body Slam"],"picked":"Clothesline","floor":1},{"not_picked":["Wild Strike","Twin Strike"],"picked":"Second Wind","floor":3},{"not_picked":["Sentinel","Twin Strike"],"picked":"Cleave","floor":7},{"not_picked":["Armaments","Infernal Blade"],"picked":"Disarm","floor":10},{"not_picked":["Sword Boomerang","Headbutt"],"picked":"Wild Strike","floor":14}],"player_experience":2138443,"relics_obtained":[{"floor":7,"key":"White Beast Statue"},{"floor":9,"key":"Bag of Marbles"},{"floor":10,"key":"Orichalcum"},{"floor":13,"key":"Blue Candle"}],"event_choices":[{"damage_healed":0,"gold_gain":75,"player_choice":"Gather Gold","damage_taken":11,"max_hp_gain":0,"max_hp_loss":0,"event_name":"World of Goop","floor":2,"gold_loss":0},{"cards_removed":["Strike_R"],"damage_healed":0,"gold_gain":0,"player_choice":"Card Removal","damage_taken":0,"max_hp_gain":0,"max_hp_loss":0,"event_name":"The Cleric","floor":4,"gold_loss":75},{"damage_healed":0,"gold_gain":0,"player_choice":"Lose Max HP","damage_taken":0,"relics_obtained":["Golden Idol"],"max_hp_gain":0,"max_hp_loss":7,"event_name":"Golden Idol","floor":12,"gold_loss":0}],"is_beta":false,"boss_relics":[],"items_purged_floors":[5],"is_endless":false,"potions_floor_spawned":[3,10,14],"killed_by":"Slime Boss","ascension_level":20}