{"gold_per_floor":[112,128,139,159,172,172,202,213,213,241,241,241,241],"floor_reached":13,"playtime":350,"items_purged":[],"score":194,"play_id":"92a9c25e-54e1-411a-b9d4-b1c50d5b8ef2","local_time":"20230225194751","is_ascension_mode":true,"campfire_choices":[{"floor":6,"key":"REST"},{"floor":11,"key":"DIG"}],"neow_cost":"TEN_PERCENT_HP_LOSS","seed_source_timestamp":2544884995725900,"circlet_count":0,"master_deck":["AscendersBane","Strike_R","Strike_R","Strike_R","Strike_R","Strike_R","Defend_R","Defend_R","Defend_R","Defend_R","Bash","Shrug It Off","Rampage","Cleave","Corruption","Impervious","Pommel Strike","Shockwave"],"relics":["Burning Blood","CaptainsWheel","Shovel","Mercury Hourglass","Blood Vial","Question Card"],"potions_floor_usage":[7,10],"damage_taken":[{"damage":1,"enemies":"Cultist","floor":1,"turns":3},{"damage":3,"enemies":"Small Slimes","floor":2,"turns":4},{"damage":3,"enemies":"2 Louse","floor":3,"turns":3},{"damage":22,"enemies":"Large Slime","floor":4,"turns":8},{"damage":22,"enemies":"Exordium Wildlife","floor":5,"turns":5},{"damage":29,"enemies":"Gremlin Nob","floor":7,"turns":5},{"damage":3,"enemies":"3 Louse","floor":8,"turns":3},{"damage":7,"enemies":"3 Sentries","floor":10,"turns":5},{"damage":37,"enemies":"Gremlin Nob","floor":13,"turns":4}],"seed_played":"7375322559838078474","potions_obtained":[{"floor":1,"key":"EssenceOfSteel"},{"floor":2,"key":"ElixirPotion"},{"floor":5,"key":"CultistPotion"}],"is_trial":false,"path_per_floor":["M","M","M","M","M","R","E","M","T","E","R","?","E"],"character_chosen":"IRONCLAD","items_purchased":[],"campfire_rested":1,"item_purchase_floors":[],"current_hp_per_floor":[68,68,68,52,36,56,33,36,36,35,35,35,0],"gold":241,"neow_bonus":"ONE_RARE_RELIC","is_prod":false,"is_daily":false,"chose_seed":false,"campfire_upgraded":0,"win_rate":0,"timestamp":1677350871,"path_taken":["M","M","M","?","M","R","E","M","T","E","R","?","E"],"build_version":"2022-12-18","purchased_purges":0,"victory":false,"max_hp_per_floor":[68,68,68,68,68,68,68,68,68,68,68,68,68],"card_choices":[{"not_picked":["Shockwave","True Grit"],"picked":"Shrug It Off","floor":1},{"not_picked":["Shrug It Off","Seeing Red"],"picked":"Rampage","floor":2},{"not_picked":["Wild Strike","Havoc"],"picked":"Cleave","floor":3},{"not_picked":["Flex","Clash","Iron Wave"],"picked":"SKIP","floor":4},{"not_picked":["Anger","Sword Boomerang"],"picked":"Corruption","floor":5},{"not_picked":["Armaments","Perfected Strike"],"picked":"Impervious","floor":7},{"not_picked":["Hemokinesis","Clash"],"picked":"Pommel Strike","floor":8},{"not_picked":["Intimidate","Brutality"],"picked":"Shockwave","floor":10}],"player_experience":2156307,"relics_obtained":[{"floor":7,"key":"Shovel"},{"floor":9,"key":"Mercury Hourglass"},{"floor":10,"key":"Blood Vial"},{"floor":11,"key":"Question Card"}],"event_choices":[{"damage_healed":0,"gold_gain":0,"player_choice":"Ignored","damage_taken":0,"max_hp_gain":0,"max_hp_loss":0,"event_name":"Shining Light","floor":12,"gold_loss":0}],"is_beta":false,"boss_relics":[],"items_purged_floors":[],"is_endless":false,"potions_floor_spawned":[1,2,5],"killed_by":"Gremlin Nob","ascension_level":20}