{"gold_per_floor":[119,119,137,58,71,71,100,100,123,123,123,123,142,142,142,231,231,254,254,239,29,50,50,50],"floor_reached":24,"playtime":763,"items_purged":["Strike_R","Strike_R"],"score":388,"play_id":"a85c0834-13b9-4a1e-aca7-33c34ab9dfa4","local_time":"20230222133633","is_ascension_mode":true,"campfire_choices":[{"data":"Shockwave","floor":6,"key":"SMITH"},{"data":"Searing Blow","floor":8,"key":"SMITH"},{"data":"Searing Blow+1","floor":10,"key":"SMITH"},{"data":"Searing Blow+2","floor":15,"key":"SMITH"},{"data":"Searing Blow+3","floor":23,"key":"SMITH"}],"neow_cost":"PERCENT_DAMAGE","seed_source_timestamp":3236807602600,"circlet_count":0,"master_deck":["AscendersBane","Strike_R","Defend_R","Defend_R","Defend_R","Defend_R","Bash","Reckless Charge","Cleave","Shockwave+1","True Grit","Searing Blow+4","Inflame","Barricade","Shrug It Off","Searing Blow+3","Flame Barrier"],"relics":["Burning Blood","Smiling Mask","Mercury Hourglass","Tiny Chest","Golden Idol","Letter Opener","SacredBark","PrismaticShard"],"potions_floor_usage":[22,24],"damage_taken":[{"damage":0,"enemies":"2 Louse","floor":1,"turns":2},{"damage":7,"enemies":"Small Slimes","floor":3,"turns":3},{"damage":0,"enemies":"Cultist","floor":5,"turns":4},{"damage":38,"enemies":"3 Sentries","floor":7,"turns":10},{"damage":2,"enemies":"3 Louse","floor":13,"turns":3},{"damage":16,"enemies":"The Guardian","floor":16,"turns":11},{"damage":17,"enemies":"Chosen","floor":18,"turns":5},{"damage":15,"enemies":"2 Thieves","floor":20,"turns":4},{"damage":18,"enemies":"Snake Plant","floor":22,"turns":4},{"damage":25,"enemies":"Slavers","floor":24,"turns":3}],"seed_played":"-6706034361171369533","potions_obtained":[{"floor":5,"key":"Dexterity Potion"},{"floor":20,"key":"LiquidBronze"}],"is_trial":false,"path_per_floor":["M","?","M","$","M","R","E","R","T","R","?","?","M","T","R","B",null,"M","?","M","$","M","R","E"],"character_chosen":"IRONCLAD","items_purchased":["True Grit","PrismaticShard"],"campfire_rested":0,"item_purchase_floors":[4,21],"current_hp_per_floor":[56,45,44,44,50,50,18,18,18,18,18,18,22,22,22,12,54,43,43,34,34,22,22,0],"gold":50,"neow_bonus":"TRANSFORM_TWO_CARDS","is_prod":false,"is_daily":false,"chose_seed":false,"campfire_upgraded":5,"win_rate":0,"timestamp":1677069393,"path_taken":["M","?","M","$","M","R","E","R","T","R","?","?","?","?","R","BOSS","M","?","?","$","M","R","E"],"build_version":"2022-12-18","purchased_purges":2,"victory":false,"max_hp_per_floor":[75,75,75,75,75,75,75,75,75,75,68,68,68,68,68,68,68,68,68,68,68,68,68,68],"card_choices":[{"not_picked":["Flex","Blood for Blood"],"picked":"Cleave","floor":1},{"not_picked":["Sword Boomerang","Heavy Blade"],"picked":"Shockwave","floor":3},{"not_picked":["Rupture","Armaments","Perfected Strike"],"picked":"SKIP","floor":5},{"not_picked":["Ghostly Armor","Perfected Strike"],"picked":"Searing Blow","floor":7},{"not_picked":["True Grit","Immolate"],"picked":"Inflame","floor":13},{"not_picked":["Fiend Fire","Reaper"],"picked":"Barricade","floor":16},{"not_picked":["Anger","Shockwave"],"picked":"Shrug It Off","floor":18},{"not_picked":["Inflame","Anger"],"picked":"Flame Barrier","floor":20},{"not_picked":["Cold Snap","Second Wind","SashWhip+1"],"picked":"SKIP","floor":22}],"player_experience":2128053,"relics_obtained":[{"floor":7,"key":"Mercury Hourglass"},{"floor":9,"key":"Tiny Chest"},{"floor":14,"key":"Letter Opener"}],"event_choices":[{"damage_healed":0,"gold_gain":0,"player_choice":"Success","damage_taken":11,"relics_obtained":["Smiling Mask"],"max_hp_gain":0,"max_hp_loss":0,"event_name":"Scrap Ooze","floor":2,"gold_loss":0},{"damage_healed":0,"gold_gain":0,"player_choice":"Lose Max HP","damage_taken":0,"relics_obtained":["Golden Idol"],"max_hp_gain":0,"max_hp_loss":7,"event_name":"Golden Idol","floor":11,"gold_loss":0},{"cards_removed":["Clash"],"damage_healed":0,"gold_gain":0,"player_choice":"Purged","damage_taken":0,"max_hp_gain":0,"max_hp_loss":0,"event_name":"Purifier","floor":12,"gold_loss":0},{"damage_healed":0,"gold_gain":0,"player_choice":"Copied","damage_taken":0,"max_hp_gain":0,"max_hp_loss":0,"event_name":"Duplicator","floor":19,"gold_loss":0,"cards_obtained":["Searing Blow"]}],"is_beta":false,"boss_relics":[{"not_picked":["Fusion Hammer","Sozu"],"picked":"SacredBark"}],"items_purged_floors":[4,21],"is_endless":false,"potions_floor_spawned":[5,20],"killed_by":"Slavers","ascension_level":20}