{"gold_per_floor":[115,132,152,168,168,168,93,127,127,139,165,199,246,280,292,387,399,438,473,511,523,85,85,85],"floor_reached":24,"playtime":638,"items_purged":["Strike_R"],"score":420,"play_id":"33f9e56f-f394-427b-8a11-468979df9e1f","local_time":"20230226111941","is_ascension_mode":true,"campfire_choices":[{"floor":6,"key":"REST"},{"floor":15,"key":"REST"},{"floor":23,"key":"REST"}],"neow_cost":"NONE","seed_source_timestamp":6265296921700,"circlet_count":0,"master_deck":["AscendersBane","Strike_R","Defend_R","Defend_R","Defend_R","Defend_R","Bash","Clothesline","Battle Trance","Spot Weakness","True Grit","Sword Boomerang","Armaments","Dropkick","Inflame","Fiend Fire","Pummel","Pommel Strike","Heavy Blade","Finesse+1"],"relics":["Fusion Hammer","CeramicFish","MawBank","Sundial","SlaversCollar","Toxic Egg 2"],"potions_floor_usage":[14,16,19],"damage_taken":[{"damage":7,"enemies":"Jaw Worm","floor":1,"turns":4},{"damage":3,"enemies":"Small Slimes","floor":2,"turns":3},{"damage":0,"enemies":"Cultist","floor":3,"turns":3},{"damage":8,"enemies":"Looter","floor":4,"turns":3},{"damage":8,"enemies":"Gremlin Nob","floor":8,"turns":3},{"damage":7,"enemies":"Large Slime","floor":11,"turns":4},{"damage":1,"enemies":"Blue Slaver","floor":12,"turns":3},{"damage":20,"enemies":"Lagavulin","floor":13,"turns":5},{"damage":8,"enemies":"Exordium Thugs","floor":14,"turns":2},{"damage":7,"enemies":"Hexaghost","floor":16,"turns":6},{"damage":6,"enemies":"Chosen","floor":18,"turns":5},{"damage":21,"enemies":"2 Thieves","floor":19,"turns":3},{"damage":32,"enemies":"Shelled Parasite and Fungi","floor":20,"turns":4},{"damage":29,"enemies":"Slavers","floor":24,"turns":1}],"seed_played":"4414536122852458484","potions_obtained":[{"floor":4,"key":"Explosive Potion"},{"floor":8,"key":"PowerPotion"},{"floor":16,"key":"SkillPotion"},{"floor":19,"key":"ElixirPotion"},{"floor":20,"key":"Energy Potion"}],"is_trial":false,"path_per_floor":["M","M","M","M","?","R","?","E","T","?","M","M","E","M","R","B",null,"M","M","M","?","$","R","E"],"character_chosen":"IRONCLAD","items_purchased":["Toxic Egg 2","Finesse+1"],"campfire_rested":3,"item_purchase_floors":[22,22],"current_hp_per_floor":[61,58,58,50,43,65,65,57,57,57,50,49,29,21,43,36,65,59,38,6,6,6,28,0],"gold":85,"neow_bonus":"BOSS_RELIC","is_prod":false,"is_daily":false,"chose_seed":false,"campfire_upgraded":0,"win_rate":0,"timestamp":1677406781,"path_taken":["M","M","M","M","?","R","?","E","T","?","M","?","E","M","R","BOSS","M","M","M","?","$","R","E"],"build_version":"2022-12-18","purchased_purges":1,"victory":false,"max_hp_per_floor":[75,75,75,75,75,75,75,75,75,75,75,75,75,75,75,75,75,75,75,75,75,75,75,75],"card_choices":[{"not_picked":["Twin Strike","Flame Barrier"],"picked":"Clothesline","floor":1},{"not_picked":["Hemokinesis","Clothesline"],"picked":"Battle Trance","floor":2},{"not_picked":["Carnage","Bloodletting"],"picked":"Spot Weakness","floor":3},{"not_picked":["Twin Strike","Clash"],"picked":"True Grit","floor":4},{"not_picked":["Carnage","Flex"],"picked":"Sword Boomerang","floor":8},{"not_picked":["Headbutt","Havoc","Perfected Strike"],"picked":"SKIP","floor":11},{"not_picked":["Wild Strike","Clothesline"],"picked":"Armaments","floor":12},{"not_picked":["Clothesline","Cleave"],"picked":"Dropkick","floor":13},{"not_picked":["Feel No Pain","Cleave"],"picked":"Inflame","floor":14},{"not_picked":["Limit Break","Brutality"],"picked":"Fiend Fire","floor":16},{"not_picked":["Sword Boomerang","Uppercut"],"picked":"Pummel","floor":18},{"not_picked":["Headbutt","Twin Strike"],"picked":"Pommel Strike","floor":19},{"not_picked":["Clothesline","True Grit"],"picked":"Heavy Blade","floor":20}],"player_experience":2166821,"relics_obtained":[{"floor":8,"key":"CeramicFish"},{"floor":9,"key":"MawBank"},{"floor":13,"key":"Sundial"}],"event_choices":[{"cards_removed":["Strike_R"],"damage_healed":0,"gold_gain":0,"player_choice":"Card Removal","damage_taken":7,"max_hp_gain":0,"max_hp_loss":0,"event_name":"Golden Wing","floor":5,"gold_loss":0},{"cards_removed":["Strike_R"],"damage_healed":0,"gold_gain":0,"player_choice":"Card Removal","damage_taken":0,"max_hp_gain":0,"max_hp_loss":0,"event_name":"The Cleric","floor":7,"gold_loss":75},{"cards_removed":["Strike_R"],"damage_healed":0,"gold_gain":0,"player_choice":"Purged","damage_taken":0,"max_hp_gain":0,"max_hp_loss":0,"event_name":"Purifier","floor":10,"gold_loss":0},{"damage_healed":0,"gold_gain":0,"player_choice":"Ignored","damage_taken":0,"max_hp_gain":0,"max_hp_loss":0,"event_name":"Cursed Tome","floor":21,"gold_loss":0}],"is_beta":false,"boss_relics":[{"not_picked":["Philosopher\u0027s Stone","Coffee Dripper"],"picked":"SlaversCollar"}],"items_purged_floors":[22],"is_endless":false,"potions_floor_spawned":[4,8,11,13,16,19,20],"killed_by":"Slavers","ascension_level":20}