{"gold_per_floor":[119,119,269,544,555,555,555,44,98,132,132,143,143,169,169,169],"floor_reached":16,"playtime":357,"items_purged":["Regret"],"score":212,"play_id":"350756de-b07d-4352-84a9-72ad989bdaf3","local_time":"20230305105923","is_ascension_mode":true,"campfire_choices":[{"data":"Cleave","floor":6,"key":"SMITH"},{"data":"Bash","floor":11,"key":"SMITH"},{"data":"Shrug It Off","floor":15,"key":"SMITH"}],"neow_cost":"NONE","seed_source_timestamp":344995908258800,"circlet_count":0,"master_deck":["AscendersBane","Strike_R","Strike_R","Strike_R","Strike_R","Defend_R","Defend_R","Defend_R","Defend_R","Bash+1","Cleave+1","Doubt","Havoc","Burning Pact","Shrug It Off+1","Iron Wave"],"relics":["Coffee Dripper","Paper Frog","Ancient Tea Set","Lantern","Tiny Chest","Champion Belt"],"potions_floor_usage":[16],"damage_taken":[{"damage":3,"enemies":"2 Louse","floor":1,"turns":3},{"damage":8,"enemies":"Small Slimes","floor":5,"turns":3},{"damage":35,"enemies":"Lagavulin","floor":10,"turns":6},{"damage":0,"enemies":"Cultist","floor":12,"turns":3},{"damage":41,"enemies":"Gremlin Nob","floor":14,"turns":4},{"damage":34,"enemies":"Hexaghost","floor":16,"turns":10}],"seed_played":"-5537249580321694351","potions_obtained":[{"floor":1,"key":"SmokeBomb"},{"floor":14,"key":"PowerPotion"}],"is_trial":false,"path_per_floor":["M","?","?","?","M","R","?","$","T","E","R","M","?","E","R","B"],"character_chosen":"IRONCLAD","items_purchased":["Paper Frog","Ancient Tea Set"],"campfire_rested":0,"item_purchase_floors":[8,8],"current_hp_per_floor":[65,65,65,65,57,57,57,57,57,22,22,22,75,34,34,0],"gold":169,"neow_bonus":"BOSS_RELIC","is_prod":false,"is_daily":false,"chose_seed":false,"campfire_upgraded":3,"win_rate":0,"timestamp":1678010363,"path_taken":["M","?","?","?","?","R","?","$","T","E","R","?","?","E","R","BOSS"],"build_version":"2022-12-18","purchased_purges":1,"victory":false,"max_hp_per_floor":[75,75,75,75,75,75,75,75,75,75,75,75,75,75,75,75],"card_choices":[{"not_picked":["Second Wind","Rage"],"picked":"Cleave","floor":1},{"not_picked":["Clash","Seeing Red"],"picked":"Havoc","floor":5},{"not_picked":["Heavy Blade","Warcry"],"picked":"Evolve","floor":10},{"not_picked":["Twin Strike","Cleave"],"picked":"Shrug It Off","floor":12},{"not_picked":["Rupture","Dark Embrace"],"picked":"Iron Wave","floor":14}],"player_experience":2200722,"relics_obtained":[{"floor":9,"key":"Lantern"},{"floor":10,"key":"Tiny Chest"},{"floor":14,"key":"Champion Belt"}],"event_choices":[{"damage_healed":0,"gold_gain":0,"player_choice":"Ignored","damage_taken":0,"max_hp_gain":0,"max_hp_loss":0,"event_name":"Shining Light","floor":2,"gold_loss":0},{"damage_healed":0,"gold_gain":150,"player_choice":"AGREE","damage_taken":0,"max_hp_gain":0,"max_hp_loss":0,"event_name":"Liars Game","floor":3,"gold_loss":0,"cards_obtained":["Doubt"]},{"damage_healed":0,"gold_gain":275,"player_choice":"Desecrate","damage_taken":0,"max_hp_gain":0,"max_hp_loss":0,"event_name":"Golden Shrine","floor":4,"gold_loss":0,"cards_obtained":["Regret"]},{"damage_healed":0,"gold_gain":0,"cards_transformed":["Strike_R"],"player_choice":"Transformed","damage_taken":0,"max_hp_gain":0,"max_hp_loss":0,"event_name":"Transmorgrifier","floor":7,"gold_loss":0,"cards_obtained":["Burning Pact"]},{"cards_removed":["Evolve"],"damage_healed":53,"gold_gain":0,"player_choice":"Offered Uncommon","damage_taken":0,"max_hp_gain":0,"max_hp_loss":0,"event_name":"Bonfire Elementals","floor":13,"gold_loss":0}],"is_beta":false,"boss_relics":[],"items_purged_floors":[8],"is_endless":false,"potions_floor_spawned":[1,14],"killed_by":"Hexaghost","ascension_level":20}