{"gold_per_floor":[110,24,42,57,73,73,105,125,150,225,185,22,53,76,88,177,189,215,227,259,283,23,23,23,23,105,105,134,146,146,163,163,163],"floor_reached":33,"playtime":879,"items_purged":[],"score":579,"play_id":"0aa1095f-14d2-41f5-8389-c8599cc06ecc","local_time":"20230326221618","is_ascension_mode":true,"campfire_choices":[{"data":"Whirlwind","floor":6,"key":"SMITH"},{"data":"Feed","floor":15,"key":"SMITH"},{"data":"Shockwave","floor":23,"key":"SMITH"},{"data":"Shrug It Off","floor":27,"key":"SMITH"},{"floor":30,"key":"REST"},{"data":"Clothesline","floor":32,"key":"SMITH"}],"neow_cost":"NONE","seed_source_timestamp":215908697430100,"circlet_count":0,"master_deck":["AscendersBane","Strike_R","Strike_R","Strike_R","Strike_R","Strike_R","Defend_R","Defend_R","Defend_R","Defend_R","Bash","Clothesline+1","Whirlwind+1","Pommel Strike+1","Spot Weakness","Shrug It Off+1","Fire Breathing+1","Feed+1","Demon Form+1","Ghostly Armor","Shockwave+1","Shrug It Off"],"relics":["Burning Blood","NeowsBlessing","Frozen Egg 2","Potion Belt","Orrery","MawBank","Philosopher\u0027s Stone","White Beast Statue","Kunai","Blood Vial"],"potions_floor_usage":[5,7,14,16,16,16,20,28,31,33],"damage_taken":[{"damage":0,"enemies":"2 Louse","floor":1,"turns":1},{"damage":0,"enemies":"Cultist","floor":3,"turns":1},{"damage":0,"enemies":"Jaw Worm","floor":4,"turns":1},{"damage":5,"enemies":"Gremlin Gang","floor":5,"turns":3},{"damage":8,"enemies":"Gremlin Nob","floor":7,"turns":3},{"damage":5,"enemies":"Blue Slaver","floor":8,"turns":4},{"damage":18,"enemies":"Lagavulin","floor":13,"turns":8},{"damage":0,"enemies":"Exordium Thugs","floor":14,"turns":4},{"damage":27,"enemies":"Hexaghost","floor":16,"turns":7},{"damage":0,"enemies":"3 Byrds","floor":18,"turns":5},{"damage":6,"enemies":"2 Thieves","floor":20,"turns":3},{"damage":18,"enemies":"Centurion and Healer","floor":21,"turns":5},{"damage":38,"enemies":"Slavers","floor":28,"turns":5},{"damage":29,"enemies":"Snake Plant","floor":29,"turns":5},{"damage":32,"enemies":"Shelled Parasite and Fungi","floor":31,"turns":8},{"damage":72,"enemies":"Collector","floor":33,"turns":6}],"seed_played":"8483456728921008859","potions_obtained":[{"floor":3,"key":"SkillPotion"},{"floor":5,"key":"DistilledChaos"},{"floor":11,"key":"DistilledChaos"},{"floor":11,"key":"SteroidPotion"},{"floor":11,"key":"LiquidBronze"},{"floor":13,"key":"PowerPotion"},{"floor":18,"key":"Block Potion"},{"floor":21,"key":"Regen Potion"},{"floor":28,"key":"Regen Potion"},{"floor":29,"key":"SpeedPotion"},{"floor":31,"key":"Fire Potion"}],"is_trial":false,"path_per_floor":["M","$","M","M","M","R","E","M","T","?","?","$","E","M","R","B",null,"M","?","M","M","$","R","$","?","T","R","E","M","R","M","R","B"],"character_chosen":"IRONCLAD","items_purchased":["Whirlwind","Orrery","White Beast Statue"],"campfire_rested":1,"item_purchase_floors":[2,12,22],"current_hp_per_floor":[74,74,75,75,75,75,73,74,74,63,63,63,54,63,63,46,75,81,81,81,73,73,73,73,73,73,73,59,38,65,60,60,0],"gold":163,"neow_bonus":"THREE_ENEMY_KILL","is_prod":false,"is_daily":false,"chose_seed":false,"campfire_upgraded":5,"win_rate":0,"timestamp":1679861778,"path_taken":["M","$","M","M","M","R","E","M","T","?","?","$","E","?","R","BOSS","M","?","M","?","$","R","$","?","T","R","E","M","R","M","R","BOSS"],"build_version":"2022-12-18","purchased_purges":0,"victory":false,"max_hp_per_floor":[75,75,75,75,75,75,75,75,75,75,75,75,78,81,81,85,85,85,85,85,89,89,89,89,89,89,89,93,93,93,97,97,97],"card_choices":[{"not_picked":["Wild Strike","Evolve"],"picked":"Clothesline","floor":1},{"not_picked":["Heavy Blade","Corruption"],"picked":"Pommel Strike","floor":3},{"not_picked":["Clash","Rampage"],"picked":"Spot Weakness","floor":4},{"not_picked":["Wild Strike","Twin Strike"],"picked":"Shrug It Off","floor":5},{"not_picked":["Power Through","Clothesline","Entrench"],"picked":"SKIP","floor":7},{"not_picked":["Clash","Clothesline","Wild Strike"],"picked":"SKIP","floor":8},{"not_picked":["Flex","Sword Boomerang"],"picked":"Fire Breathing+1","floor":12},{"not_picked":["Thunderclap","Sentinel"],"picked":"Feed","floor":12},{"not_picked":["Iron Wave","Uppercut"],"picked":"Demon Form+1","floor":12},{"not_picked":["Uppercut","Double Tap"],"picked":"Ghostly Armor","floor":12},{"not_picked":["Warcry","Twin Strike"],"picked":"Shockwave","floor":13},{"not_picked":["Power Through","Flex"],"picked":"Shrug It Off","floor":14},{"not_picked":["Shockwave","Perfected Strike+1","Body Slam"],"picked":"SKIP","floor":18},{"not_picked":["Seeing Red","Intimidate","Perfected Strike"],"picked":"SKIP","floor":20},{"not_picked":["Uppercut","Carnage","Body Slam"],"picked":"SKIP","floor":21},{"not_picked":["Rupture+1","Body Slam","True Grit"],"picked":"SKIP","floor":28},{"not_picked":["Warcry","Sword Boomerang","Dual Wield"],"picked":"SKIP","floor":29},{"not_picked":["Infernal Blade","Wild Strike","Rampage"],"picked":"SKIP","floor":31}],"player_experience":2286252,"relics_obtained":[{"floor":7,"key":"Frozen Egg 2"},{"floor":9,"key":"Potion Belt"},{"floor":13,"key":"MawBank"},{"floor":26,"key":"Kunai"},{"floor":28,"key":"Blood Vial"}],"event_choices":[{"damage_healed":0,"gold_gain":75,"player_choice":"Gather Gold","damage_taken":11,"max_hp_gain":0,"max_hp_loss":0,"event_name":"World of Goop","floor":10,"gold_loss":0},{"damage_healed":0,"gold_gain":0,"player_choice":"Bought 3 Potions","damage_taken":0,"max_hp_gain":0,"max_hp_loss":0,"event_name":"The Woman in Blue","floor":11,"gold_loss":0},{"damage_healed":0,"gold_gain":0,"player_choice":"0 cards matched","damage_taken":0,"max_hp_gain":0,"max_hp_loss":0,"event_name":"Match and Keep!","floor":19,"gold_loss":0,"cards_obtained":[]},{"damage_healed":0,"gold_gain":0,"player_choice":"Upgraded","damage_taken":0,"max_hp_gain":0,"max_hp_loss":0,"event_name":"Upgrade Shrine","floor":25,"gold_loss":0,"cards_upgraded":["Pommel Strike"]}],"is_beta":false,"boss_relics":[{"not_picked":["Fusion Hammer","Black Blood"],"picked":"Philosopher\u0027s Stone"}],"items_purged_floors":[],"is_endless":false,"potions_floor_spawned":[3,5,13,18,21,28,29,31],"killed_by":"Collector","ascension_level":20}