{"gold_per_floor":[114,114,128,151,151,151,192,208,231,247,291,291,314,352,352,352],"floor_reached":16,"playtime":397,"items_purged":[],"score":294,"play_id":"8a5d4c8a-65d2-49a1-b89d-1481729f3055","local_time":"20230319134424","is_ascension_mode":true,"campfire_choices":[{"data":"Whirlwind","floor":6,"key":"SMITH"},{"data":"Rupture","floor":15,"key":"SMITH"}],"neow_cost":"NONE","seed_source_timestamp":159238503296300,"circlet_count":0,"master_deck":["AscendersBane","Strike_R","Strike_R+1","Strike_R","Strike_R+1","Strike_R","Defend_R","Defend_R","Defend_R","Defend_R","Bash","Whirlwind+1","Injury","Ghostly Armor","Pommel Strike","Thunderclap","Seeing Red","Offering","Rupture+1","Inflame"],"relics":["SlaversCollar","Golden Idol","Whetstone","Happy Flower","Red Skull","Blue Candle"],"potions_floor_usage":[7,14],"damage_taken":[{"damage":7,"enemies":"Jaw Worm","floor":1,"turns":5},{"damage":4,"enemies":"Small Slimes","floor":3,"turns":3},{"damage":0,"enemies":"2 Louse","floor":4,"turns":3},{"damage":10,"enemies":"3 Sentries","floor":7,"turns":4},{"damage":4,"enemies":"2 Fungi Beasts","floor":8,"turns":3},{"damage":3,"enemies":"Gremlin Gang","floor":10,"turns":3},{"damage":20,"enemies":"Lagavulin","floor":11,"turns":7},{"damage":0,"enemies":"Exordium Thugs","floor":13,"turns":2},{"damage":0,"enemies":"Gremlin Nob","floor":14,"turns":2},{"damage":26,"enemies":"Hexaghost","floor":16,"turns":5}],"seed_played":"-6361847179125815622","potions_obtained":[{"floor":3,"key":"PowerPotion"},{"floor":7,"key":"LiquidBronze"},{"floor":10,"key":"Fire Potion"}],"is_trial":false,"path_per_floor":["M","?","M","M","?","R","E","M","T","M","E","?","M","E","R","B"],"character_chosen":"IRONCLAD","items_purchased":[],"campfire_rested":0,"item_purchase_floors":[],"current_hp_per_floor":[61,61,57,57,62,62,52,48,48,45,25,25,25,25,25,0],"gold":352,"neow_bonus":"BOSS_RELIC","is_prod":false,"is_daily":false,"chose_seed":false,"campfire_upgraded":2,"win_rate":0,"timestamp":1679229864,"path_taken":["M","?","M","M","?","R","E","M","T","M","E","?","M","E","R","BOSS"],"build_version":"2022-12-18","purchased_purges":0,"victory":false,"max_hp_per_floor":[75,75,75,75,80,80,80,80,80,80,80,80,80,80,80,80],"card_choices":[{"not_picked":["True Grit","Cleave"],"picked":"Whirlwind","floor":1},{"not_picked":["Whirlwind","Anger"],"picked":"Ghostly Armor","floor":3},{"not_picked":["Twin Strike","Dual Wield"],"picked":"Pommel Strike","floor":4},{"not_picked":["Sword Boomerang","Clothesline"],"picked":"Thunderclap","floor":7},{"not_picked":["Armaments","Perfected Strike","Rupture"],"picked":"SKIP","floor":8},{"not_picked":["Armaments","Perfected Strike","Rupture"],"picked":"SKIP","floor":8},{"not_picked":["Blood for Blood","Carnage"],"picked":"Seeing Red","floor":10},{"not_picked":["Warcry","Rampage"],"picked":"Offering","floor":11},{"not_picked":["Spot Weakness","Second Wind"],"picked":"Rupture","floor":13},{"not_picked":["Disarm","Sword Boomerang"],"picked":"Inflame","floor":14}],"player_experience":2248406,"relics_obtained":[{"floor":7,"key":"Whetstone"},{"floor":9,"key":"Happy Flower"},{"floor":11,"key":"Red Skull"},{"floor":14,"key":"Blue Candle"}],"event_choices":[{"damage_healed":0,"gold_gain":0,"player_choice":"Take Wound","damage_taken":0,"relics_obtained":["Golden Idol"],"max_hp_gain":0,"max_hp_loss":0,"event_name":"Golden Idol","floor":2,"gold_loss":0,"cards_obtained":["Injury"]},{"damage_healed":0,"gold_gain":0,"player_choice":"Donut","damage_taken":0,"max_hp_gain":5,"max_hp_loss":0,"event_name":"Big Fish","floor":5,"gold_loss":0},{"damage_healed":0,"gold_gain":0,"player_choice":"Ignored","damage_taken":0,"max_hp_gain":0,"max_hp_loss":0,"event_name":"Shining Light","floor":12,"gold_loss":0}],"is_beta":false,"boss_relics":[],"items_purged_floors":[],"is_endless":false,"potions_floor_spawned":[3,7,10],"killed_by":"Hexaghost","ascension_level":20}