{"gold_per_floor":[111,111,124,139,139,139,139,139,139,139,149,165,165,90,90,90],"floor_reached":16,"playtime":326,"items_purged":[],"score":180,"play_id":"9a7bd5ce-61ac-44f5-8cb3-9c5967b95226","local_time":"20230325012759","is_ascension_mode":true,"campfire_choices":[{"data":"Pain","floor":6,"key":"PURGE"},{"data":"Regret","floor":7,"key":"PURGE"},{"data":"Strike_R","floor":8,"key":"PURGE"},{"data":"Strike_R","floor":10,"key":"PURGE"},{"data":"Strike_R","floor":13,"key":"PURGE"},{"data":"Strike_R","floor":15,"key":"PURGE"}],"neow_cost":"CURSE","seed_source_timestamp":58760591931900,"circlet_count":0,"master_deck":["AscendersBane","Strike_R","Defend_R","Defend_R","Defend_R","Bash","Pommel Strike","Shrug It Off","Cleave","Flex","Double Tap"],"relics":["Burning Blood","Peace Pipe","WingedGreaves","FaceOfCleric","Torii"],"potions_floor_usage":[11,16],"damage_taken":[{"damage":20,"enemies":"Jaw Worm","floor":1,"turns":5},{"damage":19,"enemies":"2 Louse","floor":3,"turns":3},{"damage":10,"enemies":"Cultist","floor":4,"turns":3},{"damage":12,"enemies":"Large Slime","floor":11,"turns":8},{"damage":8,"enemies":"Looter","floor":12,"turns":4},{"damage":37,"enemies":"Hexaghost","floor":16,"turns":7}],"seed_played":"6583283586123761903","potions_obtained":[{"floor":1,"key":"Weak Potion"},{"floor":12,"key":"Strength Potion"}],"is_trial":false,"path_per_floor":["M","?","M","M","?","R","R","R","T","R","M","M","R","?","R","B"],"character_chosen":"IRONCLAD","items_purchased":[],"campfire_rested":0,"item_purchase_floors":[],"current_hp_per_floor":[54,54,41,37,37,37,37,37,37,37,32,31,31,31,31,0],"gold":90,"neow_bonus":"ONE_RARE_RELIC","is_prod":false,"is_daily":false,"chose_seed":false,"campfire_upgraded":0,"win_rate":0,"timestamp":1679704079,"path_taken":["M","?","M","M","?","R","R","R","T","R","M","?","R","?","R","BOSS"],"build_version":"2022-12-18","purchased_purges":0,"victory":false,"max_hp_per_floor":[75,75,75,75,75,75,75,75,75,75,76,77,77,77,77,77],"card_choices":[{"not_picked":["Dark Embrace","Wild Strike"],"picked":"Pommel Strike","floor":1},{"not_picked":["Armaments","Sever Soul"],"picked":"Shrug It Off","floor":3},{"not_picked":["Intimidate","Iron Wave"],"picked":"Cleave","floor":4},{"not_picked":["Sword Boomerang","Thunderclap"],"picked":"Flex","floor":11},{"not_picked":["Spot Weakness","Warcry"],"picked":"Double Tap","floor":12}],"player_experience":2258042,"relics_obtained":[{"floor":9,"key":"Torii"}],"event_choices":[{"damage_healed":0,"gold_gain":0,"player_choice":"Box","damage_taken":0,"relics_obtained":["WingedGreaves"],"max_hp_gain":0,"max_hp_loss":0,"event_name":"Big Fish","floor":2,"gold_loss":0,"cards_obtained":["Regret"]},{"damage_healed":0,"gold_gain":0,"player_choice":"Trade","damage_taken":0,"relics_obtained":["FaceOfCleric"],"max_hp_gain":0,"max_hp_loss":0,"event_name":"FaceTrader","floor":5,"gold_loss":0},{"cards_removed":["Defend_R"],"damage_healed":0,"gold_gain":0,"player_choice":"Card Removal","damage_taken":0,"max_hp_gain":0,"max_hp_loss":0,"event_name":"The Cleric","floor":14,"gold_loss":75}],"is_beta":false,"boss_relics":[],"items_purged_floors":[],"is_endless":false,"potions_floor_spawned":[1,12],"killed_by":"Hexaghost","ascension_level":20}