{"gold_per_floor":[114,3,153,164,180,205,218,238,238,268,268,279,296,328,328,404,404,418,418,435,325,342,370,169,182,182,211,211,221,221],"floor_reached":30,"playtime":1279,"items_purged":[],"score":813,"play_id":"cd7f547b-28ee-435e-b79c-5e50ae824428","local_time":"20230404193855","is_ascension_mode":true,"campfire_choices":[{"data":"Limit Break","floor":15,"key":"SMITH"},{"floor":28,"key":"REST"}],"neow_cost":"NONE","seed_source_timestamp":983681647044400,"circlet_count":0,"master_deck":["AscendersBane","Strike_R","Strike_R","Strike_R","Strike_R","Strike_R","Defend_R","Defend_R","Defend_R","Defend_R","Bash","Parasite","Burning Pact","Shrug It Off","Inflame","Doubt","Disarm","Carnage","Parasite","Fire Breathing","Limit Break+1","Decay","Injury","Fire Breathing","Heavy Blade","Evolve","Writhe","Feel No Pain","Feed","CurseOfTheBell","Inflame","Barricade","Decay","Feel No Pain","Writhe","Feel No Pain"],"relics":["Burning Blood","NeowsBlessing","NeowsBlessing","NeowsBlessing","Oddly Smooth Stone","Oddly Smooth Stone","Oddly Smooth Stone","Oddly Smooth Stone","StrikeDummy","StrikeDummy","StrikeDummy","StrikeDummy","Mango","Mango","Mango","Bottled Lightning","Bottled Lightning","Bottled Lightning","Bottled Lightning","Calling Bell","Pen Nib","Meat on the Bone","Meat on the Bone","Pocketwatch","Centennial Puzzle","Centennial Puzzle","Centennial Puzzle","Centennial Puzzle","Toolbox","Matryoshka","Matryoshka","Matryoshka","Matryoshka"],"potions_floor_usage":[6,7,20,23,27,30,30],"damage_taken":[{"damage":0,"enemies":"Jaw Worm","floor":1,"turns":1},{"damage":0,"enemies":"Cultist","floor":4,"turns":1},{"damage":0,"enemies":"Small Slimes","floor":5,"turns":2},{"damage":28,"enemies":"Gremlin Nob","floor":6,"turns":4},{"damage":8,"enemies":"Gremlin Gang","floor":7,"turns":6},{"damage":28,"enemies":"Exordium Thugs","floor":8,"turns":7},{"damage":12,"enemies":"3 Sentries","floor":10,"turns":4},{"damage":0,"enemies":"3 Louse","floor":12,"turns":3},{"damage":13,"enemies":"Looter","floor":13,"turns":2},{"damage":6,"enemies":"Gremlin Nob","floor":14,"turns":3},{"damage":29,"enemies":"Hexaghost","floor":16,"turns":9},{"damage":19,"enemies":"Spheric Guardian","floor":18,"turns":6},{"damage":14,"enemies":"2 Thieves","floor":20,"turns":5},{"damage":31,"enemies":"Snake Plant","floor":22,"turns":7},{"damage":26,"enemies":"Gremlin Leader","floor":23,"turns":6},{"damage":6,"enemies":"Cultist and Chosen","floor":25,"turns":5},{"damage":71,"enemies":"Book of Stabbing","floor":27,"turns":7},{"damage":13,"enemies":"Chosen and Byrds","floor":29,"turns":4},{"damage":65,"enemies":"Gremlin Leader","floor":30,"turns":7}],"seed_played":"-7961913597106583874","potions_obtained":[{"floor":5,"key":"DistilledChaos"},{"floor":6,"key":"DistilledChaos"},{"floor":10,"key":"Dexterity Potion"},{"floor":13,"key":"SteroidPotion"},{"floor":14,"key":"Fruit Juice"},{"floor":20,"key":"Fire Potion"},{"floor":23,"key":"Swift Potion"},{"floor":27,"key":"SkillPotion"}],"is_trial":false,"path_per_floor":["M","$","?","M","M","E","M","M","T","E","?","M","M","E","R","B",null,"M","?","M","?","M","E","$","M","T","E","R","M","E"],"character_chosen":"IRONCLAD","basemod:card_modifiers":[null,null,null,null,null,null,null,null,null,null,null,null,null,null,null,null,null,null,null,null,null,null,null,null,null,null,null,null,null,null,null,null,null,null,null,null],"items_purchased":["Shrug It Off","Inflame","Feel No Pain","Toolbox"],"campfire_rested":1,"item_purchase_floors":[2,2,24,24],"current_hp_per_floor":[74,74,74,75,75,53,51,29,29,65,65,71,64,64,64,41,98,85,85,85,85,72,64,64,76,76,23,60,65,0],"gold":221,"neow_bonus":"THREE_ENEMY_KILL","is_prod":false,"is_daily":false,"chose_seed":false,"campfire_upgraded":1,"win_rate":0,"timestamp":1680629935,"path_taken":["M","$","?","M","M","E","M","M","T","E","?","M","?","E","R","BOSS","M","?","M","?","M","E","$","M","T","E","R","?","E"],"build_version":"2022-12-18","purchased_purges":0,"victory":false,"max_hp_per_floor":[75,75,75,75,75,75,75,75,75,117,117,117,117,117,117,117,117,117,117,125,125,125,125,125,125,125,125,125,125,125],"card_choices":[{"not_picked":["Iron Wave","Ghostly Armor"],"picked":"Burning Pact","floor":1},{"not_picked":["Iron Wave","Havoc"],"picked":"Disarm","floor":4},{"not_picked":["Clothesline","Wild Strike"],"picked":"Carnage","floor":5},{"not_picked":["Bloodletting","Infernal Blade"],"picked":"Fire Breathing","floor":6},{"not_picked":["Heavy Blade","Iron Wave","Clothesline"],"picked":"SKIP","floor":7},{"not_picked":["Hemokinesis","Shockwave"],"picked":"Limit Break","floor":8},{"not_picked":["Anger","Wild Strike"],"picked":"Fire Breathing","floor":10},{"not_picked":["Clash","Sentinel"],"picked":"Evolve","floor":12},{"not_picked":["Heavy Blade","Headbutt","Blood for Blood"],"picked":"SKIP","floor":13},{"not_picked":["Flex","Pommel Strike"],"picked":"Feel No Pain","floor":14},{"not_picked":["Brutality","Reaper"],"picked":"Feed","floor":16},{"not_picked":["Pommel Strike","Clash","Shrug It Off"],"picked":"SKIP","floor":18},{"not_picked":["Shockwave+1","Thunderclap"],"picked":"Inflame","floor":20},{"not_picked":["Heavy Blade","Rampage","True Grit"],"picked":"SKIP","floor":22},{"not_picked":["Rampage","Iron Wave"],"picked":"Barricade","floor":23},{"not_picked":["Clash","Rampage+1","True Grit"],"picked":"SKIP","floor":25},{"not_picked":["Spot Weakness","Iron Wave"],"picked":"Feel No Pain","floor":27},{"not_picked":["Bloodletting+1","Heavy Blade","Dark Embrace"],"picked":"SKIP","floor":29}],"player_experience":2331461,"relics_obtained":[{"floor":6,"key":"Oddly Smooth Stone"},{"floor":9,"key":"StrikeDummy"},{"floor":10,"key":"Mango"},{"floor":14,"key":"Bottled Lightning"},{"floor":17,"key":"Pen Nib"},{"floor":17,"key":"Meat on the Bone"},{"floor":17,"key":"Pocketwatch"},{"floor":23,"key":"Centennial Puzzle"},{"floor":27,"key":"Matryoshka"}],"event_choices":[{"damage_healed":0,"gold_gain":150,"player_choice":"AGREE","damage_taken":0,"max_hp_gain":0,"max_hp_loss":0,"event_name":"Liars Game","floor":3,"gold_loss":0,"cards_obtained":["Doubt"]},{"damage_healed":0,"gold_gain":0,"player_choice":"1 cards matched","damage_taken":0,"max_hp_gain":0,"max_hp_loss":0,"event_name":"Match and Keep!","floor":11,"gold_loss":0,"cards_obtained":["Heavy Blade"]}],"is_beta":false,"boss_relics":[{"not_picked":["Ectoplasm","Empty Cage"],"picked":"Calling Bell"}],"items_purged_floors":[],"is_endless":false,"potions_floor_spawned":[5,6,10,13,14,18,20,23,25,27],"killed_by":"Gremlin Leader","ascension_level":20}