{"gold_per_floor":[116,164,38,38,38,64,64,76,121,121,151,151,104,104],"floor_reached":14,"playtime":232,"items_purged":["Writhe"],"score":238,"play_id":"296ec905-c389-4ec3-aeb1-d104e44a41f7","local_time":"20230403165736","is_ascension_mode":true,"campfire_choices":[{"data":"Bash","floor":7,"key":"SMITH"}],"neow_cost":"NONE","seed_source_timestamp":888644535546600,"circlet_count":0,"master_deck":["AscendersBane","Strike_R","Strike_R","Strike_R","Strike_R","Defend_R","Defend_R","Defend_R","Defend_R","Bash+1","Clothesline","Pommel Strike","Regret","Shrug It Off","Spot Weakness"],"relics":["Burning Blood","NeowsBlessing","NeowsBlessing","Anchor","Anchor","Anchor","Anchor","Potion Belt","Potion Belt","Potion Belt","Self Forming Clay","Self Forming Clay"],"potions_floor_usage":[11],"damage_taken":[{"damage":0,"enemies":"Cultist","floor":1,"turns":1},{"damage":0,"enemies":"Gremlin Nob","floor":6,"turns":1},{"damage":0,"enemies":"Jaw Worm","floor":8,"turns":1},{"damage":78,"enemies":"3 Sentries","floor":11,"turns":13},{"damage":18,"enemies":"Gremlin Nob","floor":14,"turns":3}],"seed_played":"3346665732742476735","potions_obtained":[{"floor":6,"key":"Fruit Juice"}],"is_trial":false,"path_per_floor":["M","T","$","?","?","E","R","M","T","?","E","?","?","E"],"character_chosen":"IRONCLAD","basemod:card_modifiers":[null,null,null,null,null,null,null,null,null,null,null,null,null,null,null],"items_purchased":["Pommel Strike"],"campfire_rested":0,"item_purchase_floors":[3],"current_hp_per_floor":[74,74,74,67,67,73,73,75,75,75,8,8,8,0],"gold":104,"neow_bonus":"THREE_ENEMY_KILL","is_prod":false,"is_daily":false,"chose_seed":false,"campfire_upgraded":1,"win_rate":0,"timestamp":1680533856,"path_taken":["M","?","$","?","?","E","R","?","T","?","E","?","?","E"],"build_version":"2022-12-18","purchased_purges":1,"victory":false,"max_hp_per_floor":[75,75,75,75,75,75,75,75,75,75,80,80,80,80],"card_choices":[{"not_picked":["Dual Wield","True Grit"],"picked":"Clothesline","floor":1},{"not_picked":["Armaments","Havoc","Flex"],"picked":"SKIP","floor":6},{"not_picked":["Wild Strike","Havoc"],"picked":"Shrug It Off","floor":8},{"not_picked":["Dropkick","Rage"],"picked":"Spot Weakness","floor":11}],"player_experience":2316093,"relics_obtained":[{"floor":2,"key":"Anchor"},{"floor":6,"key":"Potion Belt"},{"floor":11,"key":"Self Forming Clay"}],"event_choices":[{"cards_removed":["Strike_R"],"damage_healed":0,"gold_gain":0,"player_choice":"Card Removal","damage_taken":7,"max_hp_gain":0,"max_hp_loss":0,"event_name":"Golden Wing","floor":4,"gold_loss":0},{"damage_healed":0,"gold_gain":0,"player_choice":"Leave","damage_taken":0,"max_hp_gain":0,"max_hp_loss":0,"event_name":"The Cleric","floor":5,"gold_loss":0},{"damage_healed":0,"gold_gain":0,"player_choice":"Ignored","damage_taken":0,"max_hp_gain":0,"max_hp_loss":0,"event_name":"Liars Game","floor":10,"gold_loss":0},{"damage_healed":0,"gold_gain":0,"player_choice":"Ignored","damage_taken":0,"max_hp_gain":0,"max_hp_loss":0,"event_name":"Shining Light","floor":12,"gold_loss":0},{"damage_healed":0,"gold_gain":0,"player_choice":"Left Gold","damage_taken":0,"max_hp_gain":0,"max_hp_loss":0,"event_name":"World of Goop","floor":13,"gold_loss":47}],"is_beta":false,"boss_relics":[],"items_purged_floors":[3],"is_endless":false,"potions_floor_spawned":[6],"killed_by":"Gremlin Nob","ascension_level":20}