{"gold_per_floor":[119,136,136,61,61,86,96,135,162,5,29,55,95,124,124,207,207,228,228,128],"floor_reached":20,"playtime":684,"items_purged":[],"score":438,"play_id":"081675a4-b6c3-4b69-ad26-b2e6387f2065","local_time":"20230405121302","is_ascension_mode":true,"campfire_choices":[{"floor":15,"key":"REST"}],"neow_cost":"NONE","seed_source_timestamp":1043923792465200,"circlet_count":0,"master_deck":["AscendersBane","Strike_R","Strike_R","Strike_R","Strike_R","Defend_R","Defend_R","Defend_R","Bash","Cleave","Anger","Dark Embrace","Second Wind","True Grit","Dropkick","Inflame","Pommel Strike","Feel No Pain","Barricade","Feed","Body Slam"],"relics":["Black Blood","NeowsBlessing","StoneCalendar","Magic Flower","CeramicFish","Regal Pillow","Oddly Smooth Stone","Nunchaku"],"potions_floor_usage":[8,11,13,16,18],"damage_taken":[{"damage":0,"enemies":"Cultist","floor":1,"turns":1},{"damage":0,"enemies":"Small Slimes","floor":2,"turns":1},{"damage":0,"enemies":"3 Sentries","floor":6,"turns":2},{"damage":12,"enemies":"Jaw Worm","floor":7,"turns":3},{"damage":29,"enemies":"Gremlin Nob","floor":8,"turns":4},{"damage":9,"enemies":"Blue Slaver","floor":11,"turns":4},{"damage":27,"enemies":"Exordium Thugs","floor":12,"turns":4},{"damage":28,"enemies":"3 Sentries","floor":13,"turns":7},{"damage":13,"enemies":"2 Fungi Beasts","floor":14,"turns":4},{"damage":38,"enemies":"Slime Boss","floor":16,"turns":7},{"damage":66,"enemies":"3 Byrds","floor":18,"turns":7},{"damage":48,"enemies":"2 Thieves","floor":20,"turns":3}],"seed_played":"-7146878200781719967","potions_obtained":[{"floor":1,"key":"FearPotion"},{"floor":6,"key":"Dexterity Potion"},{"floor":8,"key":"SpeedPotion"},{"floor":12,"key":"SteroidPotion"},{"floor":16,"key":"Regen Potion"},{"floor":18,"key":"Strength Potion"}],"is_trial":false,"path_per_floor":["M","M","?","?","T","E","M","E","T","$","M","M","E","M","R","B",null,"M","?","M"],"character_chosen":"IRONCLAD","items_purchased":["Oddly Smooth Stone"],"campfire_rested":1,"item_purchase_floors":[10],"current_hp_per_floor":[74,75,75,75,75,75,72,52,52,52,52,34,15,11,48,19,61,27,42,0],"gold":128,"neow_bonus":"THREE_ENEMY_KILL","is_prod":false,"is_daily":false,"chose_seed":false,"campfire_upgraded":0,"win_rate":0,"timestamp":1680689582,"path_taken":["M","?","?","?","?","E","M","E","T","?","M","M","E","M","R","BOSS","M","?","M"],"build_version":"2022-12-18","purchased_purges":0,"victory":false,"max_hp_per_floor":[75,75,75,75,75,75,75,75,75,75,75,75,75,75,75,75,75,75,75,75],"card_choices":[{"not_picked":["Ghostly Armor","Reckless Charge"],"picked":"Cleave","floor":1},{"not_picked":["Perfected Strike","Entrench"],"picked":"Anger","floor":2},{"not_picked":["Clash","Headbutt"],"picked":"Second Wind","floor":6},{"not_picked":["Clash","Cleave"],"picked":"True Grit","floor":7},{"not_picked":["Rupture","Sword Boomerang"],"picked":"Dropkick","floor":8},{"not_picked":["Iron Wave","Clothesline"],"picked":"Inflame","floor":11},{"not_picked":["Thunderclap","Perfected Strike"],"picked":"Pommel Strike","floor":12},{"not_picked":["Iron Wave","Burning Pact"],"picked":"Feel No Pain","floor":13},{"not_picked":["Cleave","Flame Barrier"],"picked":"Barricade","floor":14},{"not_picked":["Offering","Bludgeon"],"picked":"Feed","floor":16},{"not_picked":["Warcry","Havoc"],"picked":"Body Slam","floor":18}],"player_experience":2333135,"relics_obtained":[{"floor":5,"key":"StoneCalendar"},{"floor":6,"key":"Magic Flower"},{"floor":8,"key":"CeramicFish"},{"floor":9,"key":"Regal Pillow"},{"floor":13,"key":"Nunchaku"}],"event_choices":[{"damage_healed":0,"gold_gain":0,"cards_transformed":["Strike_R"],"player_choice":"Change","damage_taken":0,"max_hp_gain":0,"max_hp_loss":0,"event_name":"Living Wall","floor":3,"gold_loss":0,"cards_obtained":["Dark Embrace"]},{"cards_removed":["Defend_R"],"damage_healed":0,"gold_gain":0,"player_choice":"Card Removal","damage_taken":0,"max_hp_gain":0,"max_hp_loss":0,"event_name":"The Cleric","floor":4,"gold_loss":75},{"damage_healed":15,"gold_gain":0,"player_choice":"Heal","damage_taken":0,"max_hp_gain":0,"max_hp_loss":0,"event_name":"The Library","floor":19,"gold_loss":0}],"is_beta":false,"boss_relics":[{"not_picked":["Busted Crown","Fusion Hammer"],"picked":"Black Blood"}],"items_purged_floors":[],"is_endless":false,"potions_floor_spawned":[1,6,8,12,16,18],"killed_by":"2 Thieves","ascension_level":20}