{"gold_per_floor":[109,109,109,134,209,250,250,250,550,8,8,29,64,64,64,157,157,172,172,11,34,34,61,61,95,168,194,194,194,194,210,210,282,282,294,308,67,121,140,167,167,193,193,222,242,242,242,269,269,269],"floor_reached":50,"playtime":1711,"items_purged":["Injury"],"score":1415,"play_id":"cb68191e-c274-4ae1-9eba-425618015022","local_time":"20230407005452","is_ascension_mode":true,"campfire_choices":[{"data":"Inflame","floor":7,"key":"SMITH"},{"data":"Thunderclap","floor":11,"key":"SMITH"},{"data":"Demon Form","floor":15,"key":"SMITH"},{"data":"Berserk","floor":24,"key":"SMITH"},{"data":"Sadistic Nature","floor":29,"key":"SMITH"},{"data":"Armaments","floor":32,"key":"SMITH"},{"floor":41,"key":"REST"},{"data":"Enlightenment","floor":46,"key":"SMITH"},{"floor":49,"key":"RECALL"}],"neow_cost":"NONE","seed_source_timestamp":1175008702770500,"circlet_count":0,"master_deck":["AscendersBane","Defend_R","Defend_R","Defend_R","Defend_R","Bash","Inflame+1","Thunderclap+1","Pommel Strike+1","Master of Strategy","Demon Form+1","Berserk+1","Immolate+1","Flame Barrier+1","Reaper+1","Shockwave","Feel No Pain+1","Sadistic Nature+1","Pummel","Armaments+1","Sadistic Nature","Outmaneuver+1","Double Energy","Enlightenment+1","Magnetism","Transmutation","Panacea","BowlingBash+1"],"relics":["Burning Blood","NeowsBlessing","Bloody Idol","Red Skull","Shuriken","Old Coin","Omamori","Ancient Tea Set","Ginger","Astrolabe","Necronomicon","PrismaticShard","Pantograph","Centennial Puzzle","Eternal Feather","Philosopher\u0027s Stone","Medical Kit","Champion Belt","Vajra","Orichalcum","Question Card","Potion Belt","Ice Cream"],"potions_floor_usage":[13,23,27,33,39,42,44,50],"damage_taken":[{"damage":0,"enemies":"Small Slimes","floor":1,"turns":1},{"damage":0,"enemies":"Jaw Worm","floor":4,"turns":1},{"damage":0,"enemies":"Lagavulin","floor":6,"turns":1},{"damage":1,"enemies":"Cultist","floor":12,"turns":3},{"damage":11,"enemies":"Gremlin Nob","floor":13,"turns":3},{"damage":33,"enemies":"Slime Boss","floor":16,"turns":6},{"damage":36,"enemies":"Spheric Guardian","floor":18,"turns":7},{"damage":22,"enemies":"2 Thieves","floor":21,"turns":2},{"damage":0,"enemies":"Gremlin Leader","floor":23,"turns":4},{"damage":49,"enemies":"Slavers","floor":25,"turns":3},{"damage":59,"enemies":"Book of Stabbing","floor":27,"turns":6},{"damage":24,"enemies":"Centurion and Healer","floor":31,"turns":4},{"damage":51,"enemies":"Champ","floor":33,"turns":9},{"damage":4,"enemies":"3 Darklings","floor":35,"turns":2},{"damage":21,"enemies":"Orb Walker","floor":36,"turns":4},{"damage":21,"enemies":"2 Orb Walkers","floor":38,"turns":2},{"damage":48,"enemies":"Sphere and 2 Shapes","floor":39,"turns":6},{"damage":40,"enemies":"Reptomancer","floor":40,"turns":5},{"damage":33,"enemies":"Giant Head","floor":42,"turns":6},{"damage":46,"enemies":"Nemesis","floor":44,"turns":15},{"damage":2,"enemies":"Maw","floor":45,"turns":4},{"damage":46,"enemies":"Giant Head","floor":48,"turns":7},{"damage":142,"enemies":"Awakened One","floor":50,"turns":8}],"seed_played":"-1146109858169970239","potions_obtained":[{"floor":1,"key":"Energy Potion"},{"floor":4,"key":"Dexterity Potion"},{"floor":13,"key":"Dexterity Potion"},{"floor":21,"key":"ColorlessPotion"},{"floor":25,"key":"ColorlessPotion"},{"floor":27,"key":"ColorlessPotion"},{"floor":36,"key":"Block Potion"},{"floor":39,"key":"Swift Potion"},{"floor":42,"key":"ElixirPotion"},{"floor":48,"key":"FairyPotion"}],"is_trial":false,"path_per_floor":["M","?","T","M","?","E","R","?","T","$","R","M","E","?","R","B",null,"M","?","$","M","?","E","R","E","T","E","?","R","?","M","R","B",null,"M","M","$","?","M","E","R","E","T","E","M","R","?","E","R","B"],"character_chosen":"IRONCLAD","items_purchased":["Omamori","Master of Strategy","Ancient Tea Set","PrismaticShard","Medical Kit"],"campfire_rested":1,"item_purchase_floors":[10,10,10,20,37],"current_hp_per_floor":[74,74,74,75,64,70,70,70,70,70,70,75,70,70,70,43,67,37,16,16,38,38,75,75,37,42,13,28,40,40,75,75,75,75,75,65,65,75,60,31,65,56,56,70,75,75,65,41,56,0],"gold":269,"neow_bonus":"THREE_ENEMY_KILL","is_prod":false,"is_daily":false,"chose_seed":false,"campfire_upgraded":7,"win_rate":0,"timestamp":1680821692,"path_taken":["M","?","?","M","?","E","R","?","T","$","R","?","E","?","R","BOSS","M","?","$","M","?","E","R","E","T","E","?","R","?","?","R","BOSS","M","?","$","?","M","E","R","E","T","E","M","R","?","E","R","BOSS"],"build_version":"2022-12-18","purchased_purges":1,"victory":false,"max_hp_per_floor":[75,75,75,75,75,75,75,75,75,75,75,75,75,75,75,75,75,75,75,75,75,75,75,75,75,75,75,75,75,75,75,75,75,75,75,75,75,75,75,75,75,75,75,75,75,75,75,75,75,75],"card_choices":[{"not_picked":["Anger","Body Slam"],"picked":"Inflame","floor":1},{"not_picked":["Iron Wave","True Grit"],"picked":"Thunderclap","floor":4},{"not_picked":["Intimidate","Armaments"],"picked":"Pommel Strike","floor":6},{"not_picked":["Ghostly Armor","Dual Wield"],"picked":"Demon Form","floor":12},{"not_picked":["Barricade","Combust","Spot Weakness"],"picked":"SKIP","floor":13},{"not_picked":["Juggernaut","Brutality"],"picked":"Berserk","floor":16},{"not_picked":["Cleave","Flex+1"],"picked":"Shockwave","floor":18},{"not_picked":["Heavy Blade","Sucker Punch+1"],"picked":"Feel No Pain+1","floor":21},{"not_picked":["Slice","Pommel Strike","Underhanded Strike"],"picked":"SKIP","floor":23},{"not_picked":["Vengeance","FlurryOfBlows","Shockwave"],"picked":"SKIP","floor":25},{"not_picked":["Perfected Strike","Beam Cell"],"picked":"Sadistic Nature","floor":27},{"not_picked":["BootSequence","SandsOfTime","Sever Soul"],"picked":"SKIP","floor":31},{"not_picked":["The Bomb","Reaper"],"picked":"Sadistic Nature","floor":33},{"not_picked":["Body Slam","Hologram"],"picked":"Outmaneuver+1","floor":35},{"not_picked":["Compile Driver","Flex","Cleave"],"picked":"SKIP","floor":36},{"not_picked":["Blur","Headbutt"],"picked":"Double Energy","floor":38},{"not_picked":["Pray","Wild Strike+1","Acrobatics"],"picked":"SKIP","floor":39},{"not_picked":["Ghostly Armor","True Grit","EmptyBody+1"],"picked":"SKIP","floor":40},{"not_picked":["Perfected Strike","Wraith Form v2","FlurryOfBlows"],"picked":"SKIP","floor":42},{"not_picked":["Immolate","Dodge and Roll","ClearTheMind","Perseverance"],"picked":"SKIP","floor":44},{"not_picked":["Static Discharge","Uppercut","Clothesline+1"],"picked":"Enlightenment","floor":45},{"not_picked":["Forethought","Mayhem","PanicButton"],"picked":"Magnetism","floor":47},{"not_picked":["Blind","Madness","Jack Of All Trades"],"picked":"Transmutation","floor":47},{"not_picked":["Apotheosis","Master of Strategy","The Bomb"],"picked":"Panacea","floor":47},{"not_picked":["Deadly Poison","Double Energy","Clothesline"],"picked":"BowlingBash+1","floor":48}],"player_experience":2344423,"relics_obtained":[{"floor":3,"key":"Red Skull"},{"floor":6,"key":"Shuriken"},{"floor":9,"key":"Old Coin"},{"floor":13,"key":"Ginger"},{"floor":19,"key":"Necronomicon"},{"floor":23,"key":"Pantograph"},{"floor":25,"key":"Centennial Puzzle"},{"floor":27,"key":"Eternal Feather"},{"floor":38,"key":"Champion Belt"},{"floor":40,"key":"Vajra"},{"floor":42,"key":"Orichalcum"},{"floor":43,"key":"Question Card"},{"floor":44,"key":"Potion Belt"},{"floor":48,"key":"Ice Cream"}],"event_choices":[{"damage_healed":0,"gold_gain":0,"player_choice":"Take Wound","damage_taken":0,"relics_obtained":["Golden Idol"],"max_hp_gain":0,"max_hp_loss":0,"event_name":"Golden Idol","floor":2,"gold_loss":0,"cards_obtained":["Injury"]},{"damage_healed":0,"gold_gain":75,"player_choice":"Gather Gold","damage_taken":11,"max_hp_gain":0,"max_hp_loss":0,"event_name":"World of Goop","floor":5,"gold_loss":0},{"damage_healed":0,"gold_gain":0,"player_choice":"Upgraded","damage_taken":0,"max_hp_gain":0,"max_hp_loss":0,"event_name":"Upgrade Shrine","floor":8,"gold_loss":0,"cards_upgraded":["Pommel Strike"]},{"damage_healed":0,"gold_gain":0,"player_choice":"Ignored","damage_taken":0,"max_hp_gain":0,"max_hp_loss":0,"event_name":"Liars Game","floor":14,"gold_loss":0},{"damage_healed":0,"gold_gain":0,"player_choice":"Obtained Book","damage_taken":21,"max_hp_gain":0,"max_hp_loss":0,"event_name":"Cursed Tome","floor":19,"gold_loss":0},{"damage_healed":0,"gold_gain":0,"player_choice":"Gave Idol","damage_taken":0,"relics_obtained":["Bloody Idol"],"max_hp_gain":0,"max_hp_loss":0,"event_name":"Forgotten Altar","floor":22,"relics_lost":["Golden Idol"],"gold_loss":0},{"damage_healed":15,"gold_gain":0,"player_choice":"Heal","damage_taken":0,"max_hp_gain":0,"max_hp_loss":0,"event_name":"The Library","floor":28,"gold_loss":0},{"damage_healed":0,"gold_gain":0,"cards_transformed":["Strike_R","Strike_R"],"player_choice":"Became Test Subject","damage_taken":0,"max_hp_gain":0,"max_hp_loss":0,"event_name":"Drug Dealer","floor":30,"gold_loss":0,"cards_obtained":["Pummel","Armaments"]},{"damage_healed":0,"gold_gain":0,"player_choice":"Fight","damage_taken":0,"max_hp_gain":0,"max_hp_loss":0,"event_name":"Mysterious Sphere","floor":38,"gold_loss":0},{"damage_healed":0,"gold_gain":0,"player_choice":"Memory 3","damage_taken":10,"max_hp_gain":0,"max_hp_loss":0,"event_name":"SensoryStone","floor":47,"gold_loss":0}],"is_beta":false,"boss_relics":[{"not_picked":["Tiny House","Black Star"],"picked":"Astrolabe"},{"not_picked":["SacredBark","SlaversCollar"],"picked":"Philosopher\u0027s Stone"}],"items_purged_floors":[37],"is_endless":false,"potions_floor_spawned":[1,4,13,21,25,27,31,36,38,39,42,48],"killed_by":"Awakened One","ascension_level":20}