{"gold_per_floor":[16,16,32,46,46,76,76,101,101,113,148,166,166,176,176,253,253,264,281,281,293,309,309,335,335,335,362,362,389,389,399,399,477,477,491,491,351,370,47,77,0,31,79,79,108,108,88,105,105,105,105,105,105,22,49,49],"floor_reached":56,"playtime":2364,"items_purged":[],"score":1976,"play_id":"3fe23373-6e31-4ae8-90b3-c6ad3449c4ee","local_time":"20230415145431","is_ascension_mode":true,"campfire_choices":[{"data":"Bash","floor":13,"key":"SMITH"},{"data":"Dual Wield","floor":15,"key":"SMITH"},{"data":"Fiend Fire","floor":23,"key":"SMITH"},{"floor":25,"key":"REST"},{"data":"Feel No Pain","floor":28,"key":"SMITH"},{"floor":32,"key":"RECALL"},{"data":"Pommel Strike","floor":44,"key":"SMITH"},{"data":"Reaper","floor":46,"key":"SMITH"},{"data":"Thunderclap","floor":49,"key":"SMITH"},{"floor":53,"key":"REST"}],"neow_cost":"NO_GOLD","seed_source_timestamp":604689736869000,"circlet_count":0,"master_deck":["AscendersBane","Strike_R+1","Strike_R+1","Strike_R+1","Defend_R+1","Defend_R+1","Defend_R+1","Defend_R+1","Bash+1","Wild Strike+1","Thunderclap+1","Pommel Strike+1","Feel No Pain+1","Dual Wield+1","Shrug It Off+1","Reaper+1","Warcry+1","Corruption+1","Shockwave+1","Fiend Fire+1","Second Wind+1","Juggernaut+1","Rage+1","Burning Pact+1","Flame Barrier+1","Burning Pact+1","Impervious+1","Inflame+1","Flex+1","Juggernaut+1","Infernal Blade+1","Fire Breathing+1","Inflame+1","Burning Pact+1"],"relics":["Burning Blood","Smiling Mask","Frozen Egg 2","Toxic Egg 2","Vajra","Runic Pyramid","Torii","Mummified Hand","Du-Vu Doll","Strawberry","Mark of Pain","Oddly Smooth Stone","Strange Spoon","Ancient Tea Set","Red Mask","Akabeko","Anchor","War Paint"],"potions_floor_usage":[6,16,16,18,24,29,56,56],"damage_taken":[{"damage":0,"enemies":"2 Louse","floor":1,"turns":4},{"damage":0,"enemies":"Cultist","floor":3,"turns":2},{"damage":7,"enemies":"Small Slimes","floor":4,"turns":4},{"damage":10,"enemies":"Gremlin Nob","floor":6,"turns":3},{"damage":21,"enemies":"3 Sentries","floor":8,"turns":12},{"damage":2,"enemies":"Exordium Thugs","floor":10,"turns":4},{"damage":24,"enemies":"Lagavulin","floor":11,"turns":7},{"damage":13,"enemies":"Blue Slaver","floor":12,"turns":3},{"damage":0,"enemies":"Lots of Slimes","floor":14,"turns":2},{"damage":60,"enemies":"Hexaghost","floor":16,"turns":10},{"damage":45,"enemies":"3 Byrds","floor":18,"turns":7},{"damage":1,"enemies":"Chosen","floor":19,"turns":5},{"damage":10,"enemies":"Snecko","floor":21,"turns":4},{"damage":4,"enemies":"Snake Plant","floor":22,"turns":5},{"damage":34,"enemies":"Slavers","floor":24,"turns":5},{"damage":14,"enemies":"Book of Stabbing","floor":27,"turns":4},{"damage":11,"enemies":"Slavers","floor":29,"turns":5},{"damage":0,"enemies":"Centurion and Healer","floor":31,"turns":4},{"damage":41,"enemies":"Automaton","floor":33,"turns":9},{"damage":0,"enemies":"Orb Walker","floor":35,"turns":3},{"damage":0,"enemies":"3 Darklings","floor":38,"turns":3},{"damage":1,"enemies":"Nemesis","floor":40,"turns":7},{"damage":13,"enemies":"Giant Head","floor":42,"turns":6},{"damage":3,"enemies":"Nemesis","floor":45,"turns":3},{"damage":0,"enemies":"Sphere and 2 Shapes","floor":48,"turns":4},{"damage":15,"enemies":"Time Eater","floor":50,"turns":7},{"damage":20,"enemies":"Donu and Deca","floor":51,"turns":7},{"damage":55,"enemies":"Shield and Spear","floor":55,"turns":5},{"damage":57,"enemies":"The Heart","floor":56,"turns":3}],"seed_played":"3847266136649533649","potions_obtained":[{"floor":1,"key":"SteroidPotion"},{"floor":4,"key":"LiquidBronze"},{"floor":6,"key":"Dexterity Potion"},{"floor":16,"key":"Block Potion"},{"floor":19,"key":"DistilledChaos"},{"floor":21,"key":"LiquidMemories"},{"floor":29,"key":"SmokeBomb"},{"floor":35,"key":"Regen Potion"},{"floor":47,"key":"PowerPotion"}],"is_trial":false,"path_per_floor":["M","?","M","M","$","E","?","E","T","M","E","M","R","M","R","B",null,"M","M","?","M","M","R","E","R","T","E","R","E","?","M","R","B",null,"M","?","$","M","$","E","?","E","T","R","E","R","?","M","R","B","B",null,"R","$","E","B"],"character_chosen":"IRONCLAD","items_purchased":["Inflame+1","Flex+1","Oddly Smooth Stone","Strange Spoon","Inflame+1"],"campfire_rested":2,"item_purchase_floors":[37,37,39,39,54],"current_hp_per_floor":[74,74,75,74,74,70,75,60,60,64,46,39,39,77,77,23,66,32,44,44,40,42,42,24,48,48,47,47,61,61,85,85,52,78,87,87,87,87,87,87,87,87,87,87,87,87,87,87,87,87,87,87,87,87,38,0],"gold":49,"neow_bonus":"REMOVE_TWO","is_prod":false,"is_daily":false,"chose_seed":false,"campfire_upgraded":7,"win_rate":0,"timestamp":1681563271,"path_taken":["M","?","M","M","?","E","?","E","T","?","E","M","R","M","R","BOSS","M","M","?","?","M","R","E","R","T","E","R","E","?","M","R","BOSS","M","?","$","?","$","E","?","E","T","R","E","R","?","?","R","BOSS","BOSS","R","$","E","BOSS"],"build_version":"2022-12-18","purchased_purges":0,"victory":false,"max_hp_per_floor":[75,75,75,75,75,75,80,80,80,80,80,80,80,80,80,80,80,80,80,80,80,80,80,80,80,80,80,80,87,87,87,87,87,87,87,87,87,87,87,87,87,87,87,87,87,87,87,87,87,87,87,87,87,87,87,87],"card_choices":[{"not_picked":["Entrench","Heavy Blade"],"picked":"Wild Strike","floor":1},{"not_picked":["Sentinel","Searing Blow"],"picked":"Thunderclap","floor":3},{"not_picked":["Clothesline","Heavy Blade"],"picked":"Pommel Strike","floor":4},{"not_picked":["Inflame","Warcry"],"picked":"Feel No Pain","floor":6},{"not_picked":["Clothesline","Pommel Strike"],"picked":"Dual Wield","floor":8},{"not_picked":["Iron Wave","Dropkick"],"picked":"Shrug It Off+1","floor":10},{"not_picked":["Clothesline","Havoc+1"],"picked":"Reaper","floor":11},{"not_picked":["Sentinel+1","Wild Strike"],"picked":"Anger","floor":12},{"not_picked":["Cleave","Armaments+1"],"picked":"Warcry+1","floor":14},{"not_picked":["Demon Form+1","Limit Break+1"],"picked":"Corruption+1","floor":16},{"not_picked":["Uppercut","Clash","Body Slam"],"picked":"SKIP","floor":18},{"not_picked":["Whirlwind","Carnage"],"picked":"Shockwave+1","floor":19},{"not_picked":["Pommel Strike","Iron Wave"],"picked":"Second Wind+1","floor":21},{"not_picked":["Infernal Blade+1","Perfected Strike"],"picked":"Juggernaut+1","floor":22},{"not_picked":["Twin Strike","Dropkick"],"picked":"Rage+1","floor":24},{"not_picked":["Clash+1","Sword Boomerang"],"picked":"Burning Pact+1","floor":27},{"not_picked":["Rupture+1","Combust+1"],"picked":"Flame Barrier+1","floor":29},{"not_picked":["Iron Wave","Armaments+1"],"picked":"Burning Pact+1","floor":31},{"not_picked":["Limit Break+1","Corruption+1"],"picked":"Impervious+1","floor":33},{"not_picked":["Havoc+1","Sword Boomerang","Pummel"],"picked":"SKIP","floor":35},{"not_picked":["Dual Wield+1","Searing Blow+1","Pommel Strike+1"],"picked":"SKIP","floor":38},{"not_picked":["Bloodletting+1","Flex+1"],"picked":"Juggernaut+1","floor":40},{"not_picked":["True Grit+1","Pommel Strike"],"picked":"Infernal Blade+1","floor":42},{"not_picked":["Clothesline","Rage+1"],"picked":"Fire Breathing+1","floor":45},{"not_picked":["Dual Wield+1","Whirlwind","Bloodletting+1"],"picked":"SKIP","floor":48},{"not_picked":["Intimidate+1","Fiend Fire"],"picked":"Burning Pact+1","floor":55}],"player_experience":2365071,"relics_obtained":[{"floor":6,"key":"Smiling Mask"},{"floor":8,"key":"Frozen Egg 2"},{"floor":9,"key":"Toxic Egg 2"},{"floor":11,"key":"Vajra"},{"floor":24,"key":"Torii"},{"floor":26,"key":"Mummified Hand"},{"floor":27,"key":"Du-Vu Doll"},{"floor":29,"key":"Strawberry"},{"floor":40,"key":"Ancient Tea Set"},{"floor":42,"key":"Akabeko"},{"floor":45,"key":"Anchor"},{"floor":55,"key":"War Paint"}],"event_choices":[{"damage_healed":0,"gold_gain":0,"player_choice":"Upgraded","damage_taken":0,"max_hp_gain":0,"max_hp_loss":0,"event_name":"Upgrade Shrine","floor":2,"gold_loss":0,"cards_upgraded":["Wild Strike"]},{"damage_healed":0,"gold_gain":0,"player_choice":"Donut","damage_taken":0,"max_hp_gain":5,"max_hp_loss":0,"event_name":"Big Fish","floor":7,"gold_loss":0},{"damage_healed":0,"gold_gain":0,"player_choice":"1 cards matched","damage_taken":0,"max_hp_gain":0,"max_hp_loss":0,"event_name":"Match and Keep!","floor":20,"gold_loss":0,"cards_obtained":["Fiend Fire"]},{"damage_healed":0,"gold_gain":0,"player_choice":"Simplicity","damage_taken":0,"max_hp_gain":0,"max_hp_loss":0,"event_name":"Back to Basics","floor":30,"gold_loss":0,"cards_upgraded":["Strike_R","Strike_R","Strike_R","Defend_R","Defend_R","Defend_R","Defend_R"]},{"cards_removed":["Anger"],"damage_healed":5,"gold_gain":0,"player_choice":"Offered Common","damage_taken":0,"max_hp_gain":0,"max_hp_loss":0,"event_name":"Bonfire Elementals","floor":36,"gold_loss":0},{"cards_removed":["Anger"],"damage_healed":5,"gold_gain":0,"player_choice":"Offered Special","damage_taken":0,"max_hp_gain":0,"max_hp_loss":0,"event_name":"Bonfire Elementals","floor":36,"gold_loss":0},{"damage_healed":0,"gold_gain":0,"player_choice":"Paid","damage_taken":0,"relics_obtained":["Red Mask"],"max_hp_gain":0,"max_hp_loss":0,"event_name":"Tomb of Lord Red Mask","floor":41,"gold_loss":77},{"damage_healed":0,"gold_gain":0,"player_choice":"Bought 1 Potion","damage_taken":0,"max_hp_gain":0,"max_hp_loss":0,"event_name":"The Woman in Blue","floor":47,"gold_loss":0}],"is_beta":false,"boss_relics":[{"not_picked":["Black Blood","Coffee Dripper"],"picked":"Runic Pyramid"},{"not_picked":["SlaversCollar","Fusion Hammer"],"picked":"Mark of Pain"}],"items_purged_floors":[],"is_endless":false,"potions_floor_spawned":[1,4,6,12,14,16,19,21,22,29,35],"killed_by":"The Heart","ascension_level":20}