{"gold_per_floor":[131,145,74,86,46,75,75,75],"floor_reached":8,"playtime":263,"items_purged":[],"score":112,"play_id":"b900f324-2252-4201-ba95-f1f666ef970f","local_time":"20230412194205","is_ascension_mode":true,"campfire_choices":[{"data":"Transmutation","floor":7,"key":"SMITH"}],"neow_cost":"CURSE","seed_source_timestamp":364840960667500,"circlet_count":0,"master_deck":["AscendersBane","Strike_R","Strike_R","Strike_R","Strike_R","Strike_R","Defend_R","Defend_R","Defend_R","Defend_R","Bash","Writhe","Transmutation+1","Disarm","Sword Boomerang","Havoc"],"relics":["Burning Blood","PreservedInsect","StrikeDummy"],"potions_floor_usage":[6],"damage_taken":[{"damage":10,"enemies":"Small Slimes","floor":1,"turns":4},{"damage":1,"enemies":"Cultist","floor":2,"turns":3},{"damage":39,"enemies":"Jaw Worm","floor":4,"turns":9},{"damage":6,"enemies":"Looter","floor":5,"turns":4},{"damage":19,"enemies":"Lagavulin","floor":6,"turns":6},{"damage":36,"enemies":"Gremlin Nob","floor":8,"turns":3}],"seed_played":"-982291837693259178","potions_obtained":[{"floor":1,"key":"HeartOfIron"}],"is_trial":false,"path_per_floor":["M","M","?","M","M","E","R","E"],"character_chosen":"IRONCLAD","items_purchased":[],"campfire_rested":0,"item_purchase_floors":[],"current_hp_per_floor":[64,69,69,36,36,23,23,0],"gold":75,"neow_bonus":"RANDOM_COLORLESS_2","is_prod":false,"is_daily":false,"chose_seed":false,"campfire_upgraded":1,"win_rate":0,"timestamp":1681321325,"path_taken":["M","M","?","?","M","E","R","E"],"build_version":"2022-12-18","purchased_purges":0,"victory":false,"max_hp_per_floor":[75,75,75,75,75,75,75,75],"card_choices":[{"not_picked":["Secret Weapon","Mayhem"],"picked":"Transmutation","floor":0},{"not_picked":["Wild Strike","Iron Wave","Flex"],"picked":"SKIP","floor":1},{"not_picked":["Warcry","Heavy Blade"],"picked":"Disarm","floor":2},{"not_picked":["Iron Wave","Armaments"],"picked":"Sword Boomerang","floor":4},{"not_picked":["Clash","Reckless Charge","Anger"],"picked":"SKIP","floor":5},{"not_picked":["Warcry","Clash"],"picked":"Havoc","floor":6}],"player_experience":2362862,"relics_obtained":[{"floor":6,"key":"StrikeDummy"}],"event_choices":[{"damage_healed":0,"gold_gain":0,"player_choice":"Paid Gold","damage_taken":0,"relics_obtained":["PreservedInsect"],"max_hp_gain":0,"max_hp_loss":0,"event_name":"WeMeetAgain","floor":3,"gold_loss":71}],"is_beta":false,"boss_relics":[],"items_purged_floors":[],"is_endless":false,"potions_floor_spawned":[1],"killed_by":"Gremlin Nob","ascension_level":20}