{"gold_per_floor":[110,56,56,72,82,107,107,107,181,121,133,133,162,6,6,85,85,97,112,112,112,112,138,138],"floor_reached":24,"playtime":609,"items_purged":["Strike_R"],"score":594,"play_id":"fb2d564f-ebad-44bd-9ceb-dfc03457e049","local_time":"20230417193917","is_ascension_mode":true,"campfire_choices":[{"floor":7,"key":"REST"},{"data":"Juggernaut","floor":15,"key":"SMITH"}],"neow_cost":"NONE","seed_source_timestamp":178883391050200,"circlet_count":0,"master_deck":["AscendersBane","Strike_R+1","Strike_R","Strike_R","Defend_R","Defend_R","Defend_R","Defend_R","Bash","Shrug It Off","Anger","Shockwave","Rampage","Infernal Blade","Whirlwind+1","Juggernaut+1","Pommel Strike","Juggernaut","Self Repair","Clothesline","Tools of the Trade"],"relics":["Mark of Pain","Akabeko","The Courier","Pantograph","Thread and Needle","PrismaticShard","Black Star","Enchiridion","Shuriken","Dead Branch"],"potions_floor_usage":[13,16,18,23,23],"damage_taken":[{"damage":7,"enemies":"Jaw Worm","floor":1,"turns":3},{"damage":0,"enemies":"Cultist","floor":4,"turns":3},{"damage":0,"enemies":"2 Louse","floor":5,"turns":2},{"damage":37,"enemies":"3 Sentries","floor":6,"turns":9},{"damage":6,"enemies":"Exordium Thugs","floor":11,"turns":4},{"damage":0,"enemies":"Lagavulin","floor":13,"turns":5},{"damage":0,"enemies":"Slime Boss","floor":16,"turns":6},{"damage":7,"enemies":"Spheric Guardian","floor":18,"turns":3},{"damage":3,"enemies":"Chosen","floor":19,"turns":4},{"damage":15,"enemies":"Gremlin Leader","floor":23,"turns":5},{"damage":18,"enemies":"Snake Plant","floor":24,"turns":2}],"seed_played":"846871784262461159","potions_obtained":[{"floor":8,"key":"ElixirPotion"},{"floor":8,"key":"SkillPotion"},{"floor":11,"key":"Swift Potion"},{"floor":13,"key":"SteroidPotion"},{"floor":16,"key":"SpeedPotion"},{"floor":18,"key":"AttackPotion"}],"is_trial":false,"path_per_floor":["M","$","?","M","M","E","R","?","T","$","M","?","E","$","R","B",null,"M","M","?","?","?","E","M"],"character_chosen":"IRONCLAD","items_purchased":["Anger","PrismaticShard","Pommel Strike"],"campfire_rested":1,"item_purchase_floors":[2,14,14],"current_hp_per_floor":[61,61,61,61,61,24,46,46,46,46,40,17,17,17,17,42,67,60,64,43,22,22,14,0],"gold":138,"neow_bonus":"BOSS_RELIC","is_prod":false,"is_daily":false,"chose_seed":false,"campfire_upgraded":1,"win_rate":0,"timestamp":1681753157,"path_taken":["M","$","?","?","M","E","R","?","T","?","M","?","E","$","R","BOSS","M","M","?","?","?","E","?"],"build_version":"2022-12-18","purchased_purges":1,"victory":false,"max_hp_per_floor":[75,75,75,75,75,75,75,75,75,75,75,75,75,75,75,75,75,75,75,75,80,80,80,80],"card_choices":[{"not_picked":["Armaments","Iron Wave"],"picked":"Shrug It Off","floor":1},{"not_picked":["Dark Embrace","Shrug It Off"],"picked":"Shockwave","floor":4},{"not_picked":["Flex","Havoc"],"picked":"Rampage","floor":5},{"not_picked":["True Grit","Thunderclap"],"picked":"Infernal Blade","floor":6},{"not_picked":["True Grit","Intimidate"],"picked":"Whirlwind","floor":11},{"not_picked":["Shockwave","Sword Boomerang"],"picked":"Juggernaut","floor":13},{"not_picked":["Seek","Berserk"],"picked":"Juggernaut","floor":16},{"not_picked":["Redo","Rip and Tear"],"picked":"Self Repair","floor":18},{"not_picked":["Halt","BowlingBash","Blade Dance+1"],"picked":"SKIP","floor":19},{"not_picked":["Heavy Blade","Sweeping Beam+1"],"picked":"Tools of the Trade","floor":23}],"player_experience":2367942,"relics_obtained":[{"floor":3,"key":"Akabeko"},{"floor":6,"key":"The Courier"},{"floor":9,"key":"Pantograph"},{"floor":13,"key":"Thread and Needle"},{"floor":20,"key":"Enchiridion"},{"floor":23,"key":"Shuriken"},{"floor":23,"key":"Dead Branch"}],"event_choices":[{"damage_healed":0,"gold_gain":0,"player_choice":"Relic","damage_taken":0,"max_hp_gain":0,"max_hp_loss":0,"event_name":"Wheel of Change","floor":3,"gold_loss":0},{"damage_healed":0,"gold_gain":0,"player_choice":"Got Potions","damage_taken":0,"max_hp_gain":0,"max_hp_loss":0,"event_name":"Lab","floor":8,"gold_loss":0},{"damage_healed":0,"gold_gain":0,"player_choice":"Entered Light","damage_taken":23,"max_hp_gain":0,"max_hp_loss":0,"event_name":"Shining Light","floor":12,"gold_loss":0,"cards_upgraded":["Whirlwind","Strike_R"]},{"damage_healed":0,"gold_gain":0,"player_choice":"Obtained Book","damage_taken":21,"max_hp_gain":0,"max_hp_loss":0,"event_name":"Cursed Tome","floor":20,"gold_loss":0},{"damage_healed":0,"gold_gain":0,"player_choice":"Shed Blood","damage_taken":26,"max_hp_gain":5,"max_hp_loss":0,"event_name":"Forgotten Altar","floor":21,"gold_loss":0},{"damage_healed":0,"gold_gain":0,"cards_transformed":["Strike_R"],"player_choice":"Transformed","damage_taken":0,"max_hp_gain":0,"max_hp_loss":0,"event_name":"Transmorgrifier","floor":22,"gold_loss":0,"cards_obtained":["Clothesline"]}],"is_beta":false,"boss_relics":[{"not_picked":["Runic Cube","SlaversCollar"],"picked":"Black Star"}],"items_purged_floors":[10],"is_endless":false,"potions_floor_spawned":[11,13,16,18],"killed_by":"Snake Plant","ascension_level":20}