{"gold_per_floor":[118,268,268,268,286,286,315,79,105,105,105,120,120,80,80,155,155,155],"floor_reached":18,"playtime":432,"items_purged":["Doubt"],"score":312,"play_id":"c8c4d2f5-e4ba-407d-9010-b719fe65ed81","local_time":"20230720231652","is_ascension_mode":true,"campfire_choices":[{"data":"Rampage","floor":6,"key":"SMITH"},{"data":"Sever Soul","floor":11,"key":"SMITH"},{"data":"Dark Embrace","floor":13,"key":"SMITH"},{"floor":15,"key":"REST"}],"neow_cost":"TEN_PERCENT_HP_LOSS","seed_source_timestamp":2893124058728200,"circlet_count":0,"master_deck":["AscendersBane","Strike_R","Strike_R","Strike_R","Strike_R","Defend_R","Defend_R","Defend_R+1","Defend_R+1","Bash","Rampage+1","Dark Embrace+1","Impervious","Sever Soul+1","Rupture","Transmutation"],"relics":["Burning Blood","Bird Faced Urn","Regal Pillow","Ginger","PrismaticShard","War Paint","Runic Cube"],"potions_floor_usage":[7,16,18],"damage_taken":[{"damage":7,"enemies":"2 Louse","floor":1,"turns":2},{"damage":23,"enemies":"Small Slimes","floor":5,"turns":4},{"damage":32,"enemies":"Gremlin Nob","floor":7,"turns":4},{"damage":0,"enemies":"Cultist","floor":12,"turns":3},{"damage":52,"enemies":"The Guardian","floor":16,"turns":13},{"damage":78,"enemies":"Shell Parasite","floor":18,"turns":11}],"seed_played":"1316144891513624460","potions_obtained":[{"floor":1,"key":"LiquidMemories"},{"floor":5,"key":"Energy Potion"},{"floor":12,"key":"AttackPotion"}],"is_trial":false,"path_per_floor":["M","?","?","?","M","R","E","$","T","?","R","M","R","$","R","B",null,"M"],"character_chosen":"IRONCLAD","items_purchased":["PrismaticShard","Rupture"],"campfire_rested":1,"item_purchase_floors":[8,14],"current_hp_per_floor":[67,67,72,67,50,50,24,24,24,24,24,30,30,30,66,24,61,0],"gold":155,"neow_bonus":"ONE_RARE_RELIC","is_prod":false,"is_daily":false,"chose_seed":false,"campfire_upgraded":3,"win_rate":0,"timestamp":1689887812,"path_taken":["M","?","?","?","M","R","E","$","T","?","R","?","R","$","R","BOSS","M"],"build_version":"2022-12-18","purchased_purges":1,"victory":false,"max_hp_per_floor":[68,68,73,73,73,73,73,73,73,73,73,73,73,73,73,73,73,73],"card_choices":[{"not_picked":["Second Wind","Anger"],"picked":"Rampage","floor":1},{"not_picked":["Havoc","Armaments"],"picked":"Dark Embrace","floor":5},{"not_picked":["Pommel Strike","Sword Boomerang"],"picked":"Impervious","floor":7},{"not_picked":["Sweeping Beam","Consecrate","ClearTheMind"],"picked":"SKIP","floor":12},{"not_picked":["The Bomb","Secret Technique"],"picked":"Transmutation","floor":16}],"player_experience":2400762,"relics_obtained":[{"floor":7,"key":"Ginger"},{"floor":9,"key":"War Paint"}],"event_choices":[{"damage_healed":0,"gold_gain":150,"player_choice":"AGREE","damage_taken":0,"max_hp_gain":0,"max_hp_loss":0,"event_name":"Liars Game","floor":2,"gold_loss":0,"cards_obtained":["Doubt"]},{"damage_healed":0,"gold_gain":0,"player_choice":"Donut","damage_taken":0,"max_hp_gain":5,"max_hp_loss":0,"event_name":"Big Fish","floor":3,"gold_loss":0},{"damage_healed":0,"gold_gain":0,"player_choice":"Success","damage_taken":5,"relics_obtained":["Regal Pillow"],"max_hp_gain":0,"max_hp_loss":0,"event_name":"Scrap Ooze","floor":4,"gold_loss":0},{"damage_healed":0,"gold_gain":0,"cards_transformed":["Strike_R"],"player_choice":"Transformed","damage_taken":0,"max_hp_gain":0,"max_hp_loss":0,"event_name":"Transmorgrifier","floor":10,"gold_loss":0,"cards_obtained":["Sever Soul"]}],"is_beta":false,"boss_relics":[{"not_picked":["Ectoplasm","Busted Crown"],"picked":"Runic Cube"}],"items_purged_floors":[8],"is_endless":false,"potions_floor_spawned":[1,5,12],"killed_by":"Shell Parasite","ascension_level":20}