{"gold_per_floor":[117,392,410,123,141,141,169,184,184,214,232,251,283,283,283,357,357,370,370,383,383,395,395,422,422,422,455,470,484,501,535,535,609,609,625,641,641,1640,1657,1657,1657],"floor_reached":41,"playtime":17572,"items_purged":["Regret"],"score":1200,"play_id":"579ed7f8-03aa-41db-a4ee-b94610e06141","local_time":"20230809173335","is_ascension_mode":true,"campfire_choices":[{"data":"Fire Breathing","floor":15,"key":"SMITH"},{"data":"Inflame","floor":23,"key":"SMITH"},{"data":"Corruption","floor":25,"key":"SMITH"},{"floor":32,"key":"REST"},{"floor":40,"key":"REST"}],"neow_cost":"NONE","seed_source_timestamp":1394362504699500,"circlet_count":0,"master_deck":["AscendersBane","Bash","Sword Boomerang","Armaments+1","Inflame+1","Flame Barrier","Corruption+1","Pommel Strike","Fire Breathing+1","Sword Boomerang","Sentinel","Feed+1","Whirlwind+1","Dropkick+1","Shockwave","Impervious","Perfected Strike+1","Clash+1","Berserk","Writhe","Flex+1","Flame Barrier","Sentinel","Sentinel","Shrug It Off","Offering","Double Tap","Rupture+1","Writhe","Normality","Normality","Body Slam+1"],"relics":["Burning Blood","NeowsBlessing","Sling","Pocketwatch","Eternal Feather","Mercury Hourglass","Molten Egg 2","Pandora\u0027s Box","MealTicket","Blue Candle","White Beast Statue","Ancient Tea Set","Mark of Pain"],"potions_floor_usage":[10,29,30,31,33,41,41],"damage_taken":[{"damage":0,"enemies":"Jaw Worm","floor":1,"turns":1},{"damage":0,"enemies":"Cultist","floor":3,"turns":1},{"damage":0,"enemies":"Small Slimes","floor":5,"turns":1},{"damage":18,"enemies":"Lagavulin","floor":7,"turns":5},{"damage":6,"enemies":"Looter","floor":8,"turns":5},{"damage":15,"enemies":"3 Sentries","floor":10,"turns":7},{"damage":3,"enemies":"Blue Slaver","floor":11,"turns":4},{"damage":5,"enemies":"Gremlin Gang","floor":12,"turns":3},{"damage":8,"enemies":"Gremlin Nob","floor":13,"turns":3},{"damage":0,"enemies":"Slime Boss","floor":16,"turns":4},{"damage":3,"enemies":"2 Thieves","floor":18,"turns":3},{"damage":11,"enemies":"Spheric Guardian","floor":20,"turns":5},{"damage":34,"enemies":"Snake Plant","floor":22,"turns":5},{"damage":22,"enemies":"Gremlin Leader","floor":24,"turns":4},{"damage":37,"enemies":"Book of Stabbing","floor":27,"turns":5},{"damage":1,"enemies":"3 Cultists","floor":28,"turns":2},{"damage":8,"enemies":"Centurion and Healer","floor":29,"turns":5},{"damage":21,"enemies":"Shelled Parasite and Fungi","floor":30,"turns":4},{"damage":25,"enemies":"Slavers","floor":31,"turns":4},{"damage":29,"enemies":"Champ","floor":33,"turns":11},{"damage":6,"enemies":"Orb Walker","floor":35,"turns":2},{"damage":59,"enemies":"3 Darklings","floor":36,"turns":3},{"damage":50,"enemies":"Maw","floor":39,"turns":7},{"damage":88,"enemies":"Nemesis","floor":41,"turns":6}],"seed_played":"4483079195505167188","potions_obtained":[{"floor":3,"key":"CultistPotion"},{"floor":8,"key":"ColorlessPotion"},{"floor":11,"key":"SneckoOil"},{"floor":13,"key":"Ancient Potion"},{"floor":28,"key":"DistilledChaos"},{"floor":29,"key":"Energy Potion"},{"floor":30,"key":"Dexterity Potion"},{"floor":31,"key":"SteroidPotion"},{"floor":33,"key":"Strength Potion"},{"floor":35,"key":"HeartOfIron"}],"is_trial":false,"path_per_floor":["M","?","M","$","M","?","E","M","T","E","M","M","E","?","R","B",null,"M","?","M","?","M","R","E","R","T","E","M","M","M","E","R","B",null,"M","M","?","?","M","R","E"],"character_chosen":"IRONCLAD","items_purchased":["Sling","Inflame"],"campfire_rested":2,"item_purchase_floors":[4,4],"current_hp_per_floor":[74,74,75,75,75,68,56,56,56,47,50,51,49,26,35,41,67,74,74,73,93,65,77,61,73,73,42,47,45,34,15,59,40,86,86,33,53,53,13,62,0],"gold":1657,"neow_bonus":"THREE_ENEMY_KILL","is_prod":false,"is_daily":false,"chose_seed":false,"campfire_upgraded":3,"win_rate":0,"timestamp":1691595215,"path_taken":["M","?","?","$","M","?","E","M","T","E","M","M","E","?","R","BOSS","M","?","M","?","M","R","E","R","T","E","?","M","?","E","R","BOSS","M","?","?","?","M","R","E"],"build_version":"2022-12-18","purchased_purges":1,"victory":false,"max_hp_per_floor":[75,75,75,75,75,75,75,75,75,75,75,75,75,75,75,75,75,79,79,83,93,93,93,93,93,93,93,93,93,97,97,97,101,101,101,101,101,101,105,105,105],"card_choices":[{"not_picked":["Clash","Warcry"],"picked":"Sword Boomerang","floor":1},{"not_picked":["Reckless Charge","Perfected Strike"],"picked":"Armaments","floor":3},{"not_picked":["Anger","Dropkick"],"picked":"Flame Barrier","floor":5},{"not_picked":["Fire Breathing","Headbutt"],"picked":"Corruption","floor":7},{"not_picked":["Body Slam","Thunderclap"],"picked":"Pommel Strike","floor":8},{"not_picked":["Havoc","Perfected Strike"],"picked":"Fire Breathing","floor":10},{"not_picked":["Armaments","Heavy Blade","Clothesline"],"picked":"SKIP","floor":11},{"not_picked":["Seeing Red","Anger"],"picked":"Sword Boomerang","floor":12},{"not_picked":["Ghostly Armor","True Grit"],"picked":"Sentinel","floor":13},{"not_picked":["Bludgeon+1","Barricade"],"picked":"Feed+1","floor":16},{"not_picked":["Searing Blow+1","Fire Breathing","Dual Wield"],"picked":"SKIP","floor":18},{"not_picked":["Anger+1","Havoc","Blood for Blood+1"],"picked":"SKIP","floor":20},{"not_picked":["Second Wind","Twin Strike+1","Clothesline+1"],"picked":"SKIP","floor":22},{"not_picked":["Havoc","Heavy Blade+1"],"picked":"Flex+1","floor":24},{"not_picked":["Sever Soul+1","Pommel Strike+1"],"picked":"Flame Barrier","floor":27},{"not_picked":["Infernal Blade","Entrench"],"picked":"Sentinel","floor":28},{"not_picked":["Uppercut+1","Shrug It Off"],"picked":"Sentinel","floor":29},{"not_picked":["Armaments","Searing Blow+1"],"picked":"Shrug It Off","floor":30},{"not_picked":["Rampage+1","Body Slam+1"],"picked":"Offering","floor":31},{"not_picked":["Berserk","Barricade"],"picked":"Double Tap","floor":33},{"not_picked":["Searing Blow+1","Uppercut+1","Headbutt+1"],"picked":"SKIP","floor":35},{"not_picked":["Seeing Red","Sword Boomerang+1"],"picked":"Rupture+1","floor":36},{"not_picked":["Shockwave","Burning Pact"],"picked":"Body Slam+1","floor":39}],"player_experience":2410673,"relics_obtained":[{"floor":7,"key":"Pocketwatch"},{"floor":9,"key":"Eternal Feather"},{"floor":10,"key":"Mercury Hourglass"},{"floor":13,"key":"Molten Egg 2"},{"floor":24,"key":"Blue Candle"},{"floor":27,"key":"White Beast Statue"},{"floor":31,"key":"Ancient Tea Set"}],"event_choices":[{"damage_healed":0,"gold_gain":275,"player_choice":"Desecrate","damage_taken":0,"max_hp_gain":0,"max_hp_loss":0,"event_name":"Golden Shrine","floor":2,"gold_loss":0,"cards_obtained":["Regret"]},{"cards_removed":["Strike_R"],"damage_healed":0,"gold_gain":0,"player_choice":"Card Removal","damage_taken":7,"max_hp_gain":0,"max_hp_loss":0,"event_name":"Golden Wing","floor":6,"gold_loss":0},{"damage_healed":0,"gold_gain":0,"player_choice":"Entered Light","damage_taken":23,"max_hp_gain":0,"max_hp_loss":0,"event_name":"Shining Light","floor":14,"gold_loss":0,"cards_upgraded":["Armaments","Strike_R"]},{"damage_healed":0,"gold_gain":0,"player_choice":"Opened","damage_taken":0,"relics_obtained":["MealTicket"],"max_hp_gain":0,"max_hp_loss":0,"event_name":"The Mausoleum","floor":19,"gold_loss":0,"cards_obtained":["Writhe"]},{"cards_removed":["Limit Break"],"damage_healed":10,"gold_gain":0,"player_choice":"Offered Rare","damage_taken":0,"max_hp_gain":10,"max_hp_loss":0,"event_name":"Bonfire Elementals","floor":21,"gold_loss":0},{"damage_healed":20,"gold_gain":0,"player_choice":"Writhe","damage_taken":0,"max_hp_gain":0,"max_hp_loss":0,"event_name":"Winding Halls","floor":37,"gold_loss":0,"cards_obtained":["Writhe"]},{"damage_healed":0,"gold_gain":999,"player_choice":"Gold","damage_taken":0,"max_hp_gain":0,"max_hp_loss":0,"event_name":"MindBloom","floor":38,"gold_loss":0,"cards_obtained":["Normality","Normality"]}],"is_beta":false,"boss_relics":[{"not_picked":["Snecko Eye","Black Star"],"picked":"Pandora\u0027s Box"},{"not_picked":["Fusion Hammer","Black Blood"],"picked":"Mark of Pain"}],"items_purged_floors":[4],"is_endless":false,"potions_floor_spawned":[3,8,11,13,24,28,29,30,31,33,35,36,39],"killed_by":"Nemesis","ascension_level":20}