{"gold_per_floor":[368,368,379,443,418,418,28,78,125,189,214,214,247,258,258,333,333,348,425,475,541,591,591,591],"floor_reached":24,"playtime":675,"items_purged":["Strike_R"],"score":408,"play_id":"a6f4557d-886a-45d9-9329-916141a36039","local_time":"20230817153611","is_ascension_mode":true,"campfire_choices":[{"data":"Whirlwind","floor":6,"key":"SMITH"},{"data":"Demon Form","floor":12,"key":"SMITH"},{"data":"Rampage","floor":15,"key":"SMITH"},{"floor":23,"key":"REST"}],"neow_cost":"TEN_PERCENT_HP_LOSS","seed_source_timestamp":16768697055199,"circlet_count":0,"master_deck":["AscendersBane","Strike_R","Strike_R","Defend_R","Defend_R","Defend_R","Defend_R","Bash","Rampage+1","Flame Barrier","Whirlwind+1","Demon Form+1","Flex","Blood for Blood+1","Pommel Strike+1","Double Tap","Body Slam+1","Decay"],"relics":["Burning Blood","SsserpentHead","Anchor","Oddly Smooth Stone","Molten Egg 2","Bag of Marbles","Runic Pyramid","Red Mask","Gambling Chip"],"potions_floor_usage":[11,11,16,19],"damage_taken":[{"damage":10,"enemies":"Small Slimes","floor":1,"turns":6},{"damage":1,"enemies":"Cultist","floor":3,"turns":3},{"damage":7,"enemies":"Jaw Worm","floor":4,"turns":3},{"damage":14,"enemies":"Lots of Slimes","floor":10,"turns":3},{"damage":32,"enemies":"Gremlin Nob","floor":11,"turns":4},{"damage":18,"enemies":"3 Sentries","floor":13,"turns":5},{"damage":6,"enemies":"Red Slaver","floor":14,"turns":4},{"damage":17,"enemies":"Hexaghost","floor":16,"turns":8},{"damage":9,"enemies":"3 Byrds","floor":18,"turns":3},{"damage":49,"enemies":"Masked Bandits","floor":19,"turns":5},{"damage":5,"enemies":"Chosen","floor":21,"turns":4},{"damage":31,"enemies":"Slavers","floor":24,"turns":2}],"seed_played":"2296131460582224649","potions_obtained":[{"floor":1,"key":"LiquidMemories"},{"floor":4,"key":"LiquidMemories"},{"floor":13,"key":"Weak Potion"},{"floor":16,"key":"BlessingOfTheForge"}],"is_trial":false,"path_per_floor":["M","?","M","M","?","R","$","?","T","M","E","R","E","M","R","B",null,"M","?","?","M","?","R","E"],"character_chosen":"IRONCLAD","items_purchased":["Demon Form","Anchor"],"campfire_rested":1,"item_purchase_floors":[7,7],"current_hp_per_floor":[64,64,68,67,67,67,67,67,67,59,33,33,21,21,21,10,54,51,8,8,9,9,29,0],"gold":591,"neow_bonus":"TWO_FIFTY_GOLD","is_prod":false,"is_daily":false,"chose_seed":false,"campfire_upgraded":3,"win_rate":0,"timestamp":1692279371,"path_taken":["M","?","M","?","?","R","$","?","T","?","E","R","E","M","R","BOSS","M","?","?","?","?","R","E"],"build_version":"2022-12-18","purchased_purges":1,"victory":false,"max_hp_per_floor":[68,68,68,68,68,68,68,68,68,68,68,68,68,68,68,68,68,68,68,68,68,68,68,68],"card_choices":[{"not_picked":["Reckless Charge","Infernal Blade"],"picked":"Rampage","floor":1},{"not_picked":["Perfected Strike","Body Slam"],"picked":"Flame Barrier","floor":3},{"not_picked":["Warcry","Seeing Red"],"picked":"Whirlwind","floor":4},{"not_picked":["Rampage","Twin Strike","Reckless Charge"],"picked":"SKIP","floor":10},{"not_picked":["Sentinel","Power Through","Exhume"],"picked":"SKIP","floor":11},{"not_picked":["Whirlwind+1","Havoc"],"picked":"Blood for Blood+1","floor":13},{"not_picked":["Battle Trance","Clothesline+1"],"picked":"Pommel Strike+1","floor":14},{"not_picked":["Brutality","Berserk"],"picked":"Double Tap","floor":16},{"not_picked":["Headbutt+1","Sentinel","True Grit"],"picked":"SKIP","floor":18},{"not_picked":["Pommel Strike+1","Searing Blow+1"],"picked":"Battle Trance","floor":19},{"not_picked":["Metallicize+1","Blood for Blood+1"],"picked":"Body Slam+1","floor":21}],"player_experience":2428912,"relics_obtained":[{"floor":9,"key":"Oddly Smooth Stone"},{"floor":11,"key":"Molten Egg 2"},{"floor":13,"key":"Bag of Marbles"},{"floor":19,"key":"Red Mask"}],"event_choices":[{"damage_healed":0,"gold_gain":0,"player_choice":"Trade","damage_taken":0,"relics_obtained":["SsserpentHead"],"max_hp_gain":0,"max_hp_loss":0,"event_name":"FaceTrader","floor":2,"gold_loss":0},{"cards_removed":["Strike_R"],"damage_healed":0,"gold_gain":0,"player_choice":"Card Removal","damage_taken":0,"max_hp_gain":0,"max_hp_loss":0,"event_name":"The Cleric","floor":5,"gold_loss":75},{"damage_healed":0,"gold_gain":0,"cards_transformed":["Strike_R"],"player_choice":"Transformed","damage_taken":0,"max_hp_gain":0,"max_hp_loss":0,"event_name":"Transmorgrifier","floor":8,"gold_loss":0,"cards_obtained":["Flex"]},{"damage_healed":0,"gold_gain":0,"player_choice":"Fought Bandits","damage_taken":0,"max_hp_gain":0,"max_hp_loss":0,"event_name":"Masked Bandits","floor":19,"gold_loss":0},{"cards_removed":["Battle Trance"],"damage_healed":0,"gold_gain":0,"player_choice":"Gave Card","damage_taken":0,"relics_obtained":["Gambling Chip"],"max_hp_gain":0,"max_hp_loss":0,"event_name":"WeMeetAgain","floor":20,"gold_loss":0},{"damage_healed":0,"gold_gain":0,"player_choice":"Smashed Altar","damage_taken":0,"max_hp_gain":0,"max_hp_loss":0,"event_name":"Forgotten Altar","floor":22,"gold_loss":0,"cards_obtained":["Decay"]}],"is_beta":false,"boss_relics":[{"not_picked":["Empty Cage","Runic Cube"],"picked":"Runic Pyramid"}],"items_purged_floors":[7],"is_endless":false,"potions_floor_spawned":[1,4,13,16],"killed_by":"Slavers","ascension_level":20}