{"gold_per_floor":[310,310,330,340,351,351,382,20,20,32,65,82,82,82,82,156,156,176,48,63,80,5,30,30,59,105,105,130,75,85,114,114,191,191,202,220,39,64,77,77,105,105,105,130,180,194,220,220,220,220,220,220,220,30,65,65],"floor_reached":56,"playtime":4092,"items_purged":["Strike_R"],"score":2371,"play_id":"c66f8b54-40b1-45ef-85e1-d7776b7b314f","local_time":"20240619205909","is_ascension_mode":true,"campfire_choices":[{"data":"Bash","floor":6,"key":"SMITH"},{"data":"Feel No Pain","floor":13,"key":"SMITH"},{"floor":15,"key":"RECALL"},{"data":"Second Wind","floor":24,"key":"SMITH"},{"floor":27,"key":"REST"},{"data":"Reaper","floor":32,"key":"SMITH"},{"data":"Feed","floor":40,"key":"SMITH"},{"data":"Feel No Pain","floor":42,"key":"SMITH"},{"data":"Berserk","floor":49,"key":"SMITH"},{"data":"Fire Breathing","floor":53,"key":"SMITH"}],"neow_cost":"NO_GOLD","seed_source_timestamp":260257449406100,"circlet_count":0,"master_deck":["AscendersBane","Strike_R","Strike_R","Defend_R","Defend_R","Defend_R","Defend_R","Bash+1","Feel No Pain+1","Clothesline","Second Wind+1","Fire Breathing+1","Havoc+1","Disarm+1","Flame Barrier+1","Havoc+1","Impervious+1","Hemokinesis+1","Havoc+1","Pommel Strike+1","Seeing Red+1","Warcry+1","Reaper+1","Shrug It Off+1","Limit Break+1","Feed+1","Madness+1","Feel No Pain+1","Seeing Red+1","Berserk+1","Offering+1","Panache","Havoc+1"],"relics":["Burning Blood","Old Coin","Nunchaku","Toxic Egg 2","Pear","Dead Branch","Snecko Eye","Thread and Needle","Bottled Tornado","Akabeko","Bronze Scales","InkBottle","Busted Crown","Ginger","Vajra","Bag of Preparation","CaptainsWheel","Torii","Mercury Hourglass"],"potions_floor_usage":[7,23,30,45,56],"damage_taken":[{"damage":3,"enemies":"2 Louse","floor":1,"turns":4},{"damage":6,"enemies":"Cultist","floor":3,"turns":3},{"damage":7,"enemies":"Jaw Worm","floor":4,"turns":5},{"damage":16,"enemies":"Lots of Slimes","floor":5,"turns":8},{"damage":26,"enemies":"3 Sentries","floor":7,"turns":16},{"damage":1,"enemies":"2 Fungi Beasts","floor":10,"turns":5},{"damage":34,"enemies":"Gremlin Nob","floor":11,"turns":5},{"damage":3,"enemies":"Looter","floor":12,"turns":4},{"damage":13,"enemies":"The Guardian","floor":16,"turns":10},{"damage":3,"enemies":"Shell Parasite","floor":18,"turns":4},{"damage":2,"enemies":"Chosen","floor":20,"turns":2},{"damage":4,"enemies":"Shelled Parasite and Fungi","floor":21,"turns":7},{"damage":16,"enemies":"Book of Stabbing","floor":23,"turns":5},{"damage":74,"enemies":"Gremlin Leader","floor":25,"turns":7},{"damage":0,"enemies":"Book of Stabbing","floor":28,"turns":6},{"damage":0,"enemies":"3 Cultists","floor":30,"turns":5},{"damage":3,"enemies":"Slavers","floor":31,"turns":3},{"damage":13,"enemies":"Collector","floor":33,"turns":7},{"damage":0,"enemies":"3 Darklings","floor":35,"turns":4},{"damage":2,"enemies":"Orb Walker","floor":36,"turns":2},{"damage":0,"enemies":"Mind Bloom Boss Battle","floor":38,"turns":5},{"damage":5,"enemies":"Spire Growth","floor":39,"turns":5},{"damage":5,"enemies":"Reptomancer","floor":41,"turns":6},{"damage":15,"enemies":"Nemesis","floor":44,"turns":7},{"damage":14,"enemies":"2 Orb Walkers","floor":45,"turns":4},{"damage":8,"enemies":"4 Shapes","floor":46,"turns":4},{"damage":2,"enemies":"Reptomancer","floor":47,"turns":3},{"damage":28,"enemies":"Time Eater","floor":50,"turns":8},{"damage":50,"enemies":"Awakened One","floor":51,"turns":11},{"damage":84,"enemies":"Shield and Spear","floor":55,"turns":11},{"damage":135,"enemies":"The Heart","floor":56,"turns":9}],"seed_played":"-76934344410292823","potions_obtained":[{"floor":1,"key":"FearPotion"},{"floor":3,"key":"FairyPotion"},{"floor":11,"key":"DistilledChaos"},{"floor":28,"key":"Explosive Potion"},{"floor":30,"key":"PowerPotion"},{"floor":45,"key":"Regen Potion"}],"is_trial":false,"path_per_floor":["M","?","M","M","M","R","E","$","T","M","E","M","R","?","R","B",null,"M","$","M","M","?","E","R","E","T","R","E","$","M","E","R","B",null,"M","M","$","?","M","R","E","R","T","E","?","M","E","?","R","B","B",null,"R","$","E","B"],"character_chosen":"IRONCLAD","items_purchased":["Toxic Egg 2","Fire Breathing","Havoc+1","Havoc+1","Shrug It Off+1","Madness+1","Feel No Pain","Panache"],"campfire_rested":1,"item_purchase_floors":[8,8,8,19,29,37,37,54],"current_hp_per_floor":[71,71,71,70,60,60,40,40,50,55,27,30,30,85,85,78,83,85,85,85,85,85,75,75,7,7,32,38,38,56,77,77,85,85,85,85,85,85,85,85,89,89,89,89,81,93,97,97,97,101,61,94,94,94,22,0],"gold":65,"neow_bonus":"ONE_RARE_RELIC","is_prod":false,"is_daily":false,"chose_seed":false,"campfire_upgraded":8,"win_rate":0,"timestamp":1718823549,"path_taken":["M","?","M","M","?","R","E","$","T","M","E","M","R","?","R","BOSS","M","?","M","M","?","E","R","E","T","R","E","$","M","E","R","BOSS","M","M","$","?","M","R","E","R","T","E","?","M","E","?","R","BOSS","BOSS","R","$","E","BOSS"],"build_version":"2022-12-18","purchased_purges":1,"victory":false,"max_hp_per_floor":[75,75,75,75,75,75,75,75,85,85,85,85,85,85,85,85,85,85,85,85,85,85,85,85,85,85,85,85,85,85,85,85,85,85,85,85,85,85,85,85,89,89,89,89,89,93,97,97,97,101,105,105,105,105,105,105],"card_choices":[{"not_picked":["Sentinel","Warcry"],"picked":"Power Through","floor":1},{"not_picked":["Ghostly Armor","Headbutt"],"picked":"Feel No Pain","floor":3},{"not_picked":["Body Slam","Headbutt"],"picked":"Clothesline","floor":4},{"not_picked":["Perfected Strike","Wild Strike","Sword Boomerang"],"picked":"SKIP","floor":5},{"not_picked":["Iron Wave","True Grit"],"picked":"Second Wind","floor":7},{"not_picked":["True Grit+1","Armaments+1"],"picked":"Disarm+1","floor":10},{"not_picked":["Wild Strike","Rupture"],"picked":"Flame Barrier+1","floor":11},{"not_picked":["Spot Weakness+1","Pommel Strike"],"picked":"Havoc+1","floor":12},{"not_picked":["Demon Form","Bludgeon"],"picked":"Impervious+1","floor":16},{"not_picked":["Headbutt","Flex+1"],"picked":"Hemokinesis+1","floor":18},{"not_picked":["Iron Wave","Searing Blow","Headbutt"],"picked":"SKIP","floor":20},{"not_picked":["Rage+1","Flex+1"],"picked":"Pommel Strike+1","floor":21},{"not_picked":["Headbutt","Flex+1"],"picked":"Seeing Red+1","floor":23},{"not_picked":["Pommel Strike","Power Through+1"],"picked":"Warcry+1","floor":25},{"not_picked":["Clothesline","Heavy Blade"],"picked":"Reaper","floor":28},{"not_picked":["Wild Strike","Thunderclap","Uppercut"],"picked":"SKIP","floor":30},{"not_picked":["Evolve","Perfected Strike"],"picked":"Limit Break+1","floor":31},{"not_picked":["Double Tap+1","Offering+1"],"picked":"Feed","floor":33},{"not_picked":["Whirlwind+1"],"picked":"SKIP","floor":35},{"not_picked":["Metallicize"],"picked":"SKIP","floor":36},{"not_picked":[],"picked":"Seeing Red+1","floor":39},{"not_picked":["Juggernaut"],"picked":"SKIP","floor":41},{"not_picked":["Heavy Blade"],"picked":"SKIP","floor":44},{"not_picked":["Cleave+1"],"picked":"SKIP","floor":46},{"not_picked":[],"picked":"Berserk","floor":47},{"not_picked":[],"picked":"Havoc+1","floor":55}],"player_experience":2528481,"relics_obtained":[{"floor":7,"key":"Nunchaku"},{"floor":9,"key":"Pear"},{"floor":11,"key":"Dead Branch"},{"floor":23,"key":"Thread and Needle"},{"floor":25,"key":"Bottled Tornado"},{"floor":26,"key":"Akabeko"},{"floor":28,"key":"Bronze Scales"},{"floor":31,"key":"InkBottle"},{"floor":38,"key":"Ginger"},{"floor":41,"key":"Vajra"},{"floor":44,"key":"Bag of Preparation"},{"floor":45,"key":"CaptainsWheel"},{"floor":47,"key":"Torii"},{"floor":55,"key":"Mercury Hourglass"}],"event_choices":[{"cards_removed":["Strike_R"],"damage_healed":0,"gold_gain":0,"player_choice":"Card Removal","damage_taken":0,"max_hp_gain":0,"max_hp_loss":0,"event_name":"Wheel of Change","floor":2,"gold_loss":0},{"cards_removed":["Power Through"],"damage_healed":55,"gold_gain":0,"player_choice":"Offered Uncommon","damage_taken":0,"max_hp_gain":0,"max_hp_loss":0,"event_name":"Bonfire Elementals","floor":14,"gold_loss":0},{"cards_removed":["Strike_R"],"damage_healed":0,"gold_gain":0,"player_choice":"Gave Gold","damage_taken":0,"max_hp_gain":0,"max_hp_loss":0,"event_name":"Beggar","floor":22,"gold_loss":75},{"damage_healed":0,"gold_gain":0,"player_choice":"Fight","damage_taken":0,"max_hp_gain":0,"max_hp_loss":0,"event_name":"MindBloom","floor":38,"gold_loss":0},{"damage_healed":0,"gold_gain":0,"player_choice":"Fight","damage_taken":0,"max_hp_gain":0,"max_hp_loss":0,"event_name":"Mysterious Sphere","floor":45,"gold_loss":0},{"damage_healed":0,"gold_gain":0,"player_choice":"1 cards matched","damage_taken":0,"max_hp_gain":0,"max_hp_loss":0,"event_name":"Match and Keep!","floor":48,"gold_loss":0,"cards_obtained":["Offering"]}],"is_beta":false,"boss_relics":[{"not_picked":["Runic Pyramid","Velvet Choker"],"picked":"Snecko Eye"},{"not_picked":["Pandora\u0027s Box","Runic Dome"],"picked":"Busted Crown"}],"items_purged_floors":[19],"is_endless":false,"potions_floor_spawned":[1,3,4,11,12,18,20,28,30,38,44,45,47],"killed_by":"The Heart","ascension_level":20}