{"gold_per_floor":[112,112,127,146,157,188,188,221,273,273,30,60,60,10,10,81,81,91,103,103,103,119,151,161,199,268,288,333,352,392,416,416,416],"floor_reached":33,"playtime":1633,"items_purged":["Strike_R","Strike_R"],"score":784,"play_id":"1fe33257-be90-4515-a102-b6439a926bd9","local_time":"20240713161752","is_ascension_mode":true,"campfire_choices":[{"data":"Feed","floor":7,"key":"SMITH"},{"data":"Feel No Pain","floor":10,"key":"SMITH"},{"data":"Fiend Fire","floor":13,"key":"SMITH"},{"data":"Uppercut","floor":15,"key":"SMITH"},{"data":"Pommel Strike","floor":32,"key":"SMITH"}],"neow_cost":"TEN_PERCENT_HP_LOSS","seed_source_timestamp":116313603760100,"circlet_count":0,"master_deck":["AscendersBane","Defend_R","Defend_R","Defend_R","Bash","Metallicize","Uppercut+1","Iron Wave","Shockwave","Feed+1","Wild Strike","Feel No Pain+1","True Grit","Fiend Fire+1","Immolate","Pommel Strike+1","Wild Strike","Ghostly","Ghostly","Ghostly","Ghostly","Reckless Charge+1","Disarm","Dropkick","Exhume","Bite","Bite","Bite","Bite","Bite","Evolve+1","Fire Breathing"],"relics":["Burning Blood","Charon\u0027s Ashes","HornCleat","Smiling Mask","Medical Kit","Odd Mushroom","Black Star","Akabeko","Bottled Tornado","CeramicFish","Vajra","The Courier","Boot","Omamori"],"potions_floor_usage":[8,18,23,24,25,33,33],"damage_taken":[{"damage":11,"enemies":"Jaw Worm","floor":1,"turns":4},{"damage":6,"enemies":"Cultist","floor":3,"turns":3},{"damage":8,"enemies":"Small Slimes","floor":4,"turns":4},{"damage":1,"enemies":"2 Fungi Beasts","floor":5,"turns":3},{"damage":28,"enemies":"Gremlin Nob","floor":6,"turns":5},{"damage":12,"enemies":"3 Sentries","floor":8,"turns":6},{"damage":1,"enemies":"The Mushroom Lair","floor":12,"turns":4},{"damage":41,"enemies":"The Guardian","floor":16,"turns":15},{"damage":23,"enemies":"Shell Parasite","floor":18,"turns":5},{"damage":0,"enemies":"3 Byrds","floor":19,"turns":4},{"damage":23,"enemies":"Cultist and Chosen","floor":22,"turns":10},{"damage":0,"enemies":"Book of Stabbing","floor":23,"turns":7},{"damage":1,"enemies":"Centurion and Healer","floor":24,"turns":7},{"damage":0,"enemies":"Gremlin Leader","floor":25,"turns":4},{"damage":14,"enemies":"Snake Plant","floor":27,"turns":3},{"damage":3,"enemies":"Snecko","floor":29,"turns":7},{"damage":22,"enemies":"Book of Stabbing","floor":30,"turns":8},{"damage":0,"enemies":"3 Cultists","floor":31,"turns":6},{"damage":48,"enemies":"Champ","floor":33,"turns":14}],"seed_played":"-8540351762382111603","potions_obtained":[{"floor":1,"key":"ElixirPotion"},{"floor":6,"key":"SkillPotion"},{"floor":8,"key":"Dexterity Potion"},{"floor":12,"key":"Weak Potion"},{"floor":19,"key":"EssenceOfSteel"},{"floor":22,"key":"SpeedPotion"},{"floor":23,"key":"Block Potion"},{"floor":24,"key":"Block Potion"},{"floor":31,"key":"Dexterity Potion"}],"is_trial":false,"path_per_floor":["M","?","M","M","M","E","R","E","T","R","$","?","R","$","R","B",null,"M","M","?","?","M","E","M","E","T","M","?","M","E","M","R","B"],"character_chosen":"IRONCLAD","items_purchased":["Medical Kit","True Grit"],"campfire_rested":0,"item_purchase_floors":[11,11],"current_hp_per_floor":[63,63,63,61,66,47,47,41,41,41,41,50,50,50,50,15,60,43,53,39,39,26,36,41,51,51,43,35,39,26,36,36,0],"gold":416,"neow_bonus":"REMOVE_TWO","is_prod":false,"is_daily":false,"chose_seed":false,"campfire_upgraded":5,"win_rate":0,"timestamp":1720880272,"path_taken":["M","?","M","M","M","E","R","E","T","R","?","?","R","$","R","BOSS","M","M","?","?","M","E","M","E","T","?","?","M","E","M","R","BOSS"],"build_version":"2022-12-18","purchased_purges":2,"victory":false,"max_hp_per_floor":[68,68,68,68,68,71,71,71,71,71,71,75,75,75,75,75,75,75,79,39,39,43,47,47,51,51,51,35,39,39,39,39,39],"card_choices":[{"not_picked":["Heavy Blade","Havoc"],"picked":"Metallicize","floor":1},{"not_picked":["Clash","Metallicize"],"picked":"Iron Wave","floor":3},{"not_picked":["Ghostly Armor","Hemokinesis"],"picked":"Shockwave","floor":4},{"not_picked":["Reckless Charge","Evolve"],"picked":"Feed","floor":5},{"not_picked":["Metallicize","Entrench"],"picked":"Wild Strike","floor":6},{"not_picked":["True Grit","Headbutt"],"picked":"Feel No Pain","floor":8},{"not_picked":["Clash","Armaments"],"picked":"Fiend Fire","floor":12},{"not_picked":["Feed","Brutality"],"picked":"Immolate","floor":16},{"not_picked":["Armaments","Dropkick"],"picked":"Pommel Strike","floor":18},{"not_picked":["Combust","Ghostly Armor"],"picked":"Wild Strike","floor":19},{"not_picked":["Shrug It Off","Havoc"],"picked":"Reckless Charge+1","floor":22},{"not_picked":["Rage","Warcry"],"picked":"Disarm","floor":23},{"not_picked":["Second Wind","Shrug It Off"],"picked":"Dropkick","floor":24},{"not_picked":["Sword Boomerang","Combust"],"picked":"Exhume","floor":25},{"not_picked":["Perfected Strike","Wild Strike","Rupture"],"picked":"SKIP","floor":27},{"not_picked":["Clothesline","Perfected Strike","Heavy Blade"],"picked":"SKIP","floor":29},{"not_picked":["Twin Strike","Rupture"],"picked":"Evolve+1","floor":30},{"not_picked":["Wild Strike","Armaments"],"picked":"Fire Breathing","floor":31}],"player_experience":2551306,"relics_obtained":[{"floor":6,"key":"Charon\u0027s Ashes"},{"floor":8,"key":"HornCleat"},{"floor":9,"key":"Smiling Mask"},{"floor":12,"key":"Odd Mushroom"},{"floor":23,"key":"Akabeko"},{"floor":23,"key":"Bottled Tornado"},{"floor":25,"key":"CeramicFish"},{"floor":25,"key":"Vajra"},{"floor":26,"key":"The Courier"},{"floor":30,"key":"Boot"},{"floor":30,"key":"Omamori"}],"event_choices":[{"damage_healed":0,"gold_gain":0,"player_choice":"1 cards matched","damage_taken":0,"max_hp_gain":0,"max_hp_loss":0,"event_name":"Match and Keep!","floor":2,"gold_loss":0,"cards_obtained":["Uppercut"]},{"damage_healed":0,"gold_gain":0,"player_choice":"Fought Mushrooms","damage_taken":0,"max_hp_gain":0,"max_hp_loss":0,"event_name":"Mushrooms","floor":12,"gold_loss":0},{"damage_healed":0,"gold_gain":0,"player_choice":"Became a Ghost","damage_taken":0,"max_hp_gain":0,"max_hp_loss":40,"event_name":"Ghosts","floor":20,"gold_loss":0,"cards_obtained":["Ghostly","Ghostly","Ghostly"]},{"damage_healed":0,"gold_gain":0,"player_choice":"Copied","damage_taken":0,"max_hp_gain":0,"max_hp_loss":0,"event_name":"Duplicator","floor":21,"gold_loss":0,"cards_obtained":["Ghostly"]},{"damage_healed":0,"gold_gain":0,"player_choice":"Became a vampire","damage_taken":0,"max_hp_gain":0,"max_hp_loss":16,"event_name":"Vampires","floor":28,"gold_loss":0,"cards_obtained":["Bite","Bite","Bite","Bite","Bite"]}],"is_beta":false,"boss_relics":[{"not_picked":["Busted Crown","Sozu"],"picked":"Black Star"}],"items_purged_floors":[11,14],"is_endless":false,"potions_floor_spawned":[1,6,8,12,19,22,23,24,31],"killed_by":"Champ","ascension_level":20}