{"gold_per_floor":[60,91,145,145,145,145,211,211,211,211,265,370,69,124,124,250,250,203,30,0,0,0,0,33,33,33,65,75,89,130,193,193,271,271,316,336,336,16,0,65,65,132,132,152,198,158,171,193,193,218,218],"floor_reached":51,"playtime":2499,"items_purged":["Strike_R"],"score":1501,"play_id":"454d7759-d93c-488f-b0b2-ce4f6ea51414","local_time":"20240714010107","is_ascension_mode":true,"campfire_choices":[{"data":"Uppercut","floor":6,"key":"SMITH"},{"data":"HandOfGreed","floor":8,"key":"SMITH"},{"data":"Dark Embrace","floor":10,"key":"SMITH"},{"floor":15,"key":"REST"},{"data":"Shrug It Off","floor":23,"key":"SMITH"},{"floor":25,"key":"REST"},{"data":"Demon Form","floor":32,"key":"SMITH"},{"floor":41,"key":"REST"},{"floor":49,"key":"RECALL"}],"neow_cost":"NO_GOLD","seed_source_timestamp":0,"circlet_count":0,"master_deck":["AscendersBane","Bash","HandOfGreed+1","Battle Trance","Uppercut+1","Wild Strike","Dark Embrace+1","Demon Form+1","Flame Barrier","Shrug It Off+1","True Grit","Offering","Searing Blow","Blood for Blood","Shrug It Off","Havoc","Dark Embrace","Reaper","Fire Breathing","Combust+1","Writhe","Inflame+1","Havoc+1","Rage+1","Whirlwind","Corruption","CurseOfTheBell","Shrug It Off+1","Bandage Up+1","True Grit+1","Headbutt+1","Power Through+1","Immolate","True Grit+1"],"special_seed":0,"relics":["Burning Blood","Ice Cream","Calipers","Lizard Tail","War Paint","Odd Mushroom","TheAbacus","Nunchaku","Pandora\u0027s Box","OrangePellets","Matryoshka","Turnip","Bottled Lightning","Bag of Preparation","Mercury Hourglass","Toxic Egg 2","Calling Bell","Potion Belt","HornCleat","Pocketwatch","Happy Flower","Medical Kit","Red Mask","CeramicFish","White Beast Statue","Anchor"],"potions_floor_usage":[7,14,16,24,29,30,45,47,51],"damage_taken":[{"damage":5,"enemies":"2 Louse","floor":1,"turns":4},{"damage":7,"enemies":"Jaw Worm","floor":2,"turns":3},{"damage":1,"enemies":"Small Slimes","floor":3,"turns":3},{"damage":20,"enemies":"3 Sentries","floor":7,"turns":6},{"damage":30,"enemies":"Gremlin Nob","floor":11,"turns":4},{"damage":21,"enemies":"The Mushroom Lair","floor":12,"turns":7},{"damage":11,"enemies":"3 Sentries","floor":14,"turns":9},{"damage":30,"enemies":"Slime Boss","floor":16,"turns":15},{"damage":41,"enemies":"2 Thieves","floor":18,"turns":5},{"damage":28,"enemies":"Slavers","floor":24,"turns":4},{"damage":36,"enemies":"Book of Stabbing","floor":27,"turns":5},{"damage":9,"enemies":"Chosen","floor":28,"turns":5},{"damage":7,"enemies":"Snecko","floor":29,"turns":5},{"damage":28,"enemies":"Cultist and Chosen","floor":30,"turns":4},{"damage":10,"enemies":"Centurion and Healer","floor":31,"turns":5},{"damage":49,"enemies":"Champ","floor":33,"turns":10},{"damage":19,"enemies":"3 Darklings","floor":35,"turns":4},{"damage":23,"enemies":"Orb Walker","floor":36,"turns":5},{"damage":50,"enemies":"Nemesis","floor":40,"turns":7},{"damage":98,"enemies":"Giant Head","floor":42,"turns":8},{"damage":31,"enemies":"Writhing Mass","floor":44,"turns":6},{"damage":6,"enemies":"Spire Growth","floor":45,"turns":5},{"damage":6,"enemies":"4 Shapes","floor":47,"turns":4},{"damage":26,"enemies":"Jaw Worm Horde","floor":48,"turns":4},{"damage":41,"enemies":"Time Eater","floor":50,"turns":8},{"damage":72,"enemies":"Awakened One","floor":51,"turns":3}],"seed_played":"7901216079677025360","potions_obtained":[{"floor":2,"key":"AttackPotion"},{"floor":12,"key":"Strength Potion"},{"floor":14,"key":"ColorlessPotion"},{"floor":18,"key":"Weak Potion"},{"floor":28,"key":"Weak Potion"},{"floor":29,"key":"Weak Potion"},{"floor":31,"key":"FairyPotion"},{"floor":35,"key":"SteroidPotion"},{"floor":40,"key":"BloodPotion"},{"floor":42,"key":"Dexterity Potion"},{"floor":44,"key":"Dexterity Potion"},{"floor":45,"key":"AttackPotion"},{"floor":46,"key":"CultistPotion"},{"floor":46,"key":"BlessingOfTheForge"},{"floor":46,"key":"Ancient Potion"},{"floor":47,"key":"BlessingOfTheForge"}],"is_trial":false,"path_per_floor":["M","M","M","?","?","R","E","R","T","R","E","?","$","E","R","B",null,"M","$","?","?","?","R","E","R","T","E","M","M","M","M","R","B",null,"M","M","T","$","?","E","R","E","T","M","M","?","M","M","R","B","B"],"character_chosen":"IRONCLAD","items_purchased":["Shrug It Off","TheAbacus","OrangePellets","Medical Kit","Bandage Up+1","True Grit+1"],"campfire_rested":3,"item_purchase_floors":[13,13,19,38,38,38],"current_hp_per_floor":[69,68,73,47,72,72,58,58,58,58,34,19,19,14,36,12,59,32,32,32,32,32,32,10,32,32,12,19,26,53,55,55,45,68,55,48,48,48,48,20,42,28,28,9,37,37,53,51,51,32,0],"gold":218,"neow_bonus":"RANDOM_COLORLESS_2","is_prod":false,"is_daily":false,"chose_seed":false,"campfire_upgraded":5,"win_rate":0,"timestamp":1720911667,"path_taken":["M","M","M","?","?","R","E","R","T","R","E","?","$","E","R","BOSS","M","$","?","?","?","R","E","R","T","E","?","?","M","M","R","BOSS","M","M","?","$","?","E","R","E","T","M","M","?","M","M","R","BOSS","BOSS"],"build_version":"2022-12-18","purchased_purges":1,"victory":false,"max_hp_per_floor":[75,75,75,75,75,75,75,75,75,75,75,75,75,75,75,75,75,75,75,75,75,75,75,75,75,75,75,75,75,75,75,75,75,75,75,75,75,75,75,75,75,75,75,75,75,75,75,75,75,75,75],"card_choices":[{"not_picked":["Master of Strategy","Chrysalis"],"picked":"HandOfGreed","floor":0},{"not_picked":["Perfected Strike","Searing Blow"],"picked":"Battle Trance","floor":1},{"not_picked":["Havoc","Perfected Strike"],"picked":"Uppercut","floor":2},{"not_picked":["Perfected Strike","Havoc"],"picked":"Wild Strike","floor":3},{"not_picked":["Inflame","Pommel Strike"],"picked":"Dark Embrace","floor":7},{"not_picked":["Clash","Dual Wield"],"picked":"Demon Form","floor":11},{"not_picked":["Reckless Charge","Flex"],"picked":"Flame Barrier","floor":12},{"not_picked":["Blood for Blood","Thunderclap"],"picked":"True Grit","floor":14},{"not_picked":["Barricade","Immolate"],"picked":"Offering","floor":16},{"not_picked":["Flex","Cleave"],"picked":"Combust+1","floor":18},{"not_picked":["Perfected Strike+1","Fiend Fire"],"picked":"Inflame+1","floor":24},{"not_picked":["Heavy Blade","Uppercut","Anger"],"picked":"SKIP","floor":27},{"not_picked":["Anger","Thunderclap"],"picked":"Havoc+1","floor":28},{"not_picked":["Bloodletting+1","Heavy Blade"],"picked":"Rage+1","floor":29},{"not_picked":["Clothesline","Wild Strike","Cleave+1"],"picked":"SKIP","floor":30},{"not_picked":["Demon Form","Body Slam"],"picked":"Whirlwind","floor":31},{"not_picked":["Juggernaut","Offering+1"],"picked":"Corruption","floor":33},{"not_picked":["Thunderclap","Twin Strike"],"picked":"Shrug It Off+1","floor":35},{"not_picked":["Iron Wave","Perfected Strike+1","Twin Strike"],"picked":"SKIP","floor":36},{"not_picked":["True Grit+1","Thunderclap"],"picked":"Headbutt+1","floor":40},{"not_picked":["Warcry+1","Hemokinesis"],"picked":"Power Through+1","floor":42},{"not_picked":["Flex+1","Fiend Fire","Perfected Strike+1"],"picked":"SKIP","floor":44},{"not_picked":["Thunderclap","Clash"],"picked":"Immolate","floor":45},{"not_picked":["Anger+1","Rage+1","Twin Strike+1"],"picked":"SKIP","floor":47},{"not_picked":["Flame Barrier+1","Anger+1"],"picked":"True Grit+1","floor":48}],"player_experience":2558896,"relics_obtained":[{"floor":7,"key":"Calipers"},{"floor":9,"key":"Lizard Tail"},{"floor":11,"key":"War Paint"},{"floor":12,"key":"Odd Mushroom"},{"floor":14,"key":"Nunchaku"},{"floor":24,"key":"Bottled Lightning"},{"floor":26,"key":"Bag of Preparation"},{"floor":26,"key":"Mercury Hourglass"},{"floor":27,"key":"Toxic Egg 2"},{"floor":34,"key":"Potion Belt"},{"floor":34,"key":"HornCleat"},{"floor":34,"key":"Pocketwatch"},{"floor":37,"key":"Happy Flower"},{"floor":40,"key":"CeramicFish"},{"floor":42,"key":"White Beast Statue"},{"floor":43,"key":"Anchor"}],"event_choices":[{"damage_healed":0,"gold_gain":0,"player_choice":"Success","damage_taken":26,"relics_obtained":["Ice Cream"],"max_hp_gain":0,"max_hp_loss":0,"event_name":"Scrap Ooze","floor":4,"gold_loss":0},{"damage_healed":25,"gold_gain":0,"player_choice":"Banana","damage_taken":0,"max_hp_gain":0,"max_hp_loss":0,"event_name":"Big Fish","floor":5,"gold_loss":0},{"damage_healed":0,"gold_gain":0,"player_choice":"Fought Mushrooms","damage_taken":0,"max_hp_gain":0,"max_hp_loss":0,"event_name":"Mushrooms","floor":12,"gold_loss":0},{"damage_healed":0,"gold_gain":0,"player_choice":"Paid Fearfully","damage_taken":0,"max_hp_gain":0,"max_hp_loss":0,"event_name":"Masked Bandits","floor":20,"gold_loss":30},{"damage_healed":0,"gold_gain":0,"player_choice":"Opened","damage_taken":0,"relics_obtained":["Matryoshka"],"max_hp_gain":0,"max_hp_loss":0,"event_name":"The Mausoleum","floor":21,"gold_loss":0,"cards_obtained":["Writhe"]},{"cards_removed":["Flex"],"damage_healed":0,"gold_gain":0,"player_choice":"Gave Card","damage_taken":0,"relics_obtained":["Turnip"],"max_hp_gain":0,"max_hp_loss":0,"event_name":"WeMeetAgain","floor":22,"gold_loss":0},{"damage_healed":0,"gold_gain":0,"player_choice":"Paid","damage_taken":0,"relics_obtained":["Red Mask"],"max_hp_gain":0,"max_hp_loss":0,"event_name":"Tomb of Lord Red Mask","floor":39,"gold_loss":16},{"damage_healed":0,"gold_gain":0,"player_choice":"Bought 3 Potions","damage_taken":0,"max_hp_gain":0,"max_hp_loss":0,"event_name":"The Woman in Blue","floor":46,"gold_loss":0}],"is_beta":false,"boss_relics":[{"not_picked":["Cursed Key","Busted Crown"],"picked":"Pandora\u0027s Box"},{"not_picked":["Black Blood","Tiny House"],"picked":"Calling Bell"}],"items_purged_floors":[13],"is_endless":false,"potions_floor_spawned":[2,12,14,18,28,29,31,35,40,42,44,45,47,48],"killed_by":"Awakened One","ascension_level":20}