{"gold_per_floor":[111,186,186,186,204,204,231,231,231,264,274,274],"floor_reached":12,"playtime":184,"items_purged":[],"score":222,"play_id":"362ff5f4-7812-4bef-9c6b-e41b3713adf2","local_time":"20240713183313","is_ascension_mode":true,"campfire_choices":[{"data":"Anger","floor":6,"key":"SMITH"},{"data":"Combust","floor":8,"key":"SMITH"}],"neow_cost":"NONE","seed_source_timestamp":125885257878400,"circlet_count":0,"master_deck":["AscendersBane","Strike_R","Strike_R+1","Strike_R","Strike_R","Defend_R","Defend_R","Defend_R","Defend_R","Bash+1","Cleave","Combust+1","Anger+1","Bloodletting","True Grit","Disarm"],"relics":["Burning Blood","NeowsBlessing","Question Card","The Courier","Eternal Feather"],"potions_floor_usage":[],"damage_taken":[{"damage":0,"enemies":"Cultist","floor":1,"turns":1},{"damage":0,"enemies":"Small Slimes","floor":5,"turns":1},{"damage":0,"enemies":"Gremlin Nob","floor":7,"turns":1},{"damage":40,"enemies":"Lagavulin","floor":10,"turns":5},{"damage":7,"enemies":"Jaw Worm","floor":11,"turns":3},{"damage":20,"enemies":"Large Slime","floor":12,"turns":4}],"seed_played":"4214086604110687067","potions_obtained":[{"floor":10,"key":"Ancient Potion"},{"floor":11,"key":"LiquidBronze"}],"is_trial":false,"path_per_floor":["M","?","?","?","M","R","E","R","T","E","M","M"],"character_chosen":"IRONCLAD","items_purchased":[],"campfire_rested":0,"item_purchase_floors":[],"current_hp_per_floor":[74,63,40,40,46,46,52,52,52,18,17,0],"gold":274,"neow_bonus":"THREE_ENEMY_KILL","is_prod":false,"is_daily":false,"chose_seed":false,"campfire_upgraded":2,"win_rate":0,"timestamp":1720888393,"path_taken":["M","?","?","?","M","R","E","R","T","E","M","M"],"build_version":"2022-12-18","purchased_purges":0,"victory":false,"max_hp_per_floor":[75,75,75,75,75,75,75,75,75,75,75,75],"card_choices":[{"not_picked":["Thunderclap","Twin Strike"],"picked":"Cleave","floor":1},{"not_picked":["Flex","Evolve"],"picked":"Anger","floor":5},{"not_picked":["Carnage","Anger"],"picked":"Bloodletting","floor":7},{"not_picked":["Flex","Sever Soul","Rampage"],"picked":"True Grit","floor":10},{"not_picked":["Iron Wave","Twin Strike","Havoc"],"picked":"Disarm","floor":11}],"player_experience":2553413,"relics_obtained":[{"floor":7,"key":"Question Card"},{"floor":9,"key":"The Courier"},{"floor":10,"key":"Eternal Feather"}],"event_choices":[{"damage_healed":0,"gold_gain":75,"player_choice":"Gather Gold","damage_taken":11,"max_hp_gain":0,"max_hp_loss":0,"event_name":"World of Goop","floor":2,"gold_loss":0},{"damage_healed":0,"gold_gain":0,"player_choice":"Entered Light","damage_taken":23,"max_hp_gain":0,"max_hp_loss":0,"event_name":"Shining Light","floor":3,"gold_loss":0,"cards_upgraded":["Strike_R","Bash"]},{"damage_healed":0,"gold_gain":0,"cards_transformed":["Strike_R"],"player_choice":"Transformed","damage_taken":0,"max_hp_gain":0,"max_hp_loss":0,"event_name":"Transmorgrifier","floor":4,"gold_loss":0,"cards_obtained":["Combust"]}],"is_beta":false,"boss_relics":[],"items_purged_floors":[],"is_endless":false,"potions_floor_spawned":[10,11],"killed_by":"Large Slime","ascension_level":20}