{"gold_per_floor":[114,130,130,45,60,89,89,123,148,181,181,191,191,211,211,287,287,300,39,50,50,50,50,84,84,84,84,84,112,12,31,31,109,109,121,139,139],"floor_reached":37,"playtime":1247,"items_purged":["Strike_R"],"score":875,"play_id":"6fc3aa84-904e-4e71-9017-3e6938c62ee2","local_time":"20240713185409","is_ascension_mode":true,"campfire_choices":[{"data":"Anger","floor":13,"key":"SMITH"},{"data":"Bash","floor":15,"key":"SMITH"},{"floor":23,"key":"REST"},{"floor":27,"key":"REST"},{"data":"Berserk","floor":32,"key":"SMITH"}],"neow_cost":"NONE","seed_source_timestamp":126078304306800,"circlet_count":0,"master_deck":["AscendersBane","Defend_R+1","Defend_R+1","Defend_R+1","Defend_R+1","Bash+1","Cleave","Shockwave","Fire Breathing","Wild Strike","Spot Weakness","Anger+1","Shrug It Off","Metallicize","Berserk+1","Pommel Strike","Metallicize","Bite","Bite","Bite","Bite","Bite","Inflame+1","Panacea","Power Through","Whirlwind"],"relics":["Burning Blood","NeowsBlessing","PreservedInsect","Toy Ornithopter","Lantern","Mummified Hand","Bag of Marbles","Philosopher\u0027s Stone","Regal Pillow","Nilry\u0027s Codex","Nunchaku","InkBottle","Ancient Tea Set","SlaversCollar"],"potions_floor_usage":[8,33,33,37],"damage_taken":[{"damage":0,"enemies":"Small Slimes","floor":1,"turns":1},{"damage":0,"enemies":"Cultist","floor":2,"turns":1},{"damage":0,"enemies":"Jaw Worm","floor":5,"turns":1},{"damage":20,"enemies":"3 Sentries","floor":6,"turns":4},{"damage":8,"enemies":"Gremlin Nob","floor":8,"turns":3},{"damage":20,"enemies":"Lagavulin","floor":10,"turns":7},{"damage":15,"enemies":"Large Slime","floor":12,"turns":5},{"damage":0,"enemies":"Blue Slaver","floor":14,"turns":1},{"damage":31,"enemies":"The Guardian","floor":16,"turns":13},{"damage":6,"enemies":"Chosen","floor":18,"turns":5},{"damage":24,"enemies":"2 Thieves","floor":20,"turns":4},{"damage":41,"enemies":"Book of Stabbing","floor":24,"turns":4},{"damage":23,"enemies":"Slavers","floor":29,"turns":5},{"damage":13,"enemies":"Snecko","floor":31,"turns":5},{"damage":65,"enemies":"Automaton","floor":33,"turns":10},{"damage":39,"enemies":"3 Darklings","floor":35,"turns":5},{"damage":41,"enemies":"Orb Walker","floor":36,"turns":5},{"damage":31,"enemies":"4 Shapes","floor":37,"turns":1}],"seed_played":"2488503438168066566","potions_obtained":[{"floor":2,"key":"FearPotion"},{"floor":6,"key":"Fire Potion"},{"floor":14,"key":"EssenceOfSteel"},{"floor":24,"key":"DuplicationPotion"},{"floor":35,"key":"HeartOfIron"}],"is_trial":false,"path_per_floor":["M","M","?","$","M","E","?","E","T","E","?","M","R","M","R","B",null,"M","$","M","?","?","R","E","T","T","R","?","E","$","M","R","B",null,"M","M","M"],"character_chosen":"IRONCLAD","items_purchased":["Fire Breathing","Regal Pillow","Pommel Strike","Panacea"],"campfire_rested":2,"item_purchase_floors":[4,19,19,30],"current_hp_per_floor":[74,75,75,75,75,61,66,66,66,54,49,42,42,50,50,27,67,69,69,53,32,32,71,38,38,38,77,77,70,70,71,71,45,71,46,15,0],"gold":139,"neow_bonus":"THREE_ENEMY_KILL","is_prod":false,"is_daily":false,"chose_seed":false,"campfire_upgraded":3,"win_rate":0,"timestamp":1720889649,"path_taken":["M","M","?","?","?","E","?","E","T","E","?","M","R","M","R","BOSS","M","$","M","?","?","R","E","?","T","R","?","E","?","?","R","BOSS","M","?","M"],"build_version":"2022-12-18","purchased_purges":1,"victory":false,"max_hp_per_floor":[75,75,75,75,75,75,80,80,80,80,80,80,80,80,80,80,80,80,80,80,80,80,80,80,80,80,80,80,80,80,80,80,80,80,80,80,80],"card_choices":[{"not_picked":["Entrench","Shrug It Off"],"picked":"Cleave","floor":1},{"not_picked":["Carnage","Bloodletting"],"picked":"Shockwave","floor":2},{"not_picked":["Reckless Charge","Evolve"],"picked":"Wild Strike","floor":5},{"not_picked":["Thunderclap","Cleave"],"picked":"Spot Weakness","floor":6},{"not_picked":["Combust","Cleave"],"picked":"Anger","floor":8},{"not_picked":["Heavy Blade","Spot Weakness"],"picked":"Shrug It Off","floor":10},{"not_picked":["Iron Wave","Armaments"],"picked":"Metallicize","floor":12},{"not_picked":["Clash","Headbutt","Perfected Strike"],"picked":"SKIP","floor":14},{"not_picked":["Barricade","Reaper"],"picked":"Berserk","floor":16},{"not_picked":["Headbutt","Thunderclap","Feel No Pain"],"picked":"SKIP","floor":18},{"not_picked":["Anger+1","Clash"],"picked":"Metallicize","floor":20},{"not_picked":["Sever Soul","Sword Boomerang","Iron Wave"],"picked":"SKIP","floor":24},{"not_picked":["Twin Strike","Cleave"],"picked":"Inflame+1","floor":29},{"not_picked":["Reckless Charge","Clothesline","Spot Weakness"],"picked":"SKIP","floor":31},{"not_picked":["Twin Strike","Feel No Pain"],"picked":"Power Through","floor":35},{"not_picked":["Clothesline","Havoc"],"picked":"Whirlwind","floor":36}],"player_experience":2553597,"relics_obtained":[{"floor":6,"key":"Blood Vial"},{"floor":8,"key":"Toy Ornithopter"},{"floor":9,"key":"Lantern"},{"floor":10,"key":"Mummified Hand"},{"floor":21,"key":"Nilry\u0027s Codex"},{"floor":24,"key":"Nunchaku"},{"floor":25,"key":"InkBottle"},{"floor":29,"key":"Ancient Tea Set"}],"event_choices":[{"damage_healed":0,"gold_gain":0,"player_choice":"Gave Potion","damage_taken":0,"relics_obtained":["PreservedInsect"],"max_hp_gain":0,"max_hp_loss":0,"event_name":"WeMeetAgain","floor":3,"gold_loss":0},{"damage_healed":0,"gold_gain":0,"player_choice":"Donut","damage_taken":0,"max_hp_gain":5,"max_hp_loss":0,"event_name":"Big Fish","floor":7,"gold_loss":0},{"damage_healed":0,"gold_gain":0,"player_choice":"Success","damage_taken":5,"relics_obtained":["Bag of Marbles"],"max_hp_gain":0,"max_hp_loss":0,"event_name":"Scrap Ooze","floor":11,"gold_loss":0},{"damage_healed":0,"gold_gain":0,"player_choice":"Obtained Book","damage_taken":21,"max_hp_gain":0,"max_hp_loss":0,"event_name":"Cursed Tome","floor":21,"gold_loss":0},{"damage_healed":0,"gold_gain":0,"player_choice":"Simplicity","damage_taken":0,"max_hp_gain":0,"max_hp_loss":0,"event_name":"Back to Basics","floor":22,"gold_loss":0,"cards_upgraded":["Strike_R","Strike_R","Strike_R","Strike_R","Defend_R","Defend_R","Defend_R","Defend_R"]},{"damage_healed":0,"gold_gain":0,"player_choice":"Became a vampire (Vial)","damage_taken":0,"max_hp_gain":0,"max_hp_loss":0,"event_name":"Vampires","floor":28,"relics_lost":["Blood Vial"],"gold_loss":0,"cards_obtained":["Bite","Bite","Bite","Bite","Bite"]}],"is_beta":false,"boss_relics":[{"not_picked":["Snecko Eye","Empty Cage"],"picked":"Philosopher\u0027s Stone"},{"not_picked":["Velvet Choker","Black Star"],"picked":"SlaversCollar"}],"items_purged_floors":[19],"is_endless":false,"potions_floor_spawned":[2,6,14,24,31,35],"killed_by":"4 Shapes","ascension_level":20}