{"gold_per_floor":[114,127,52,63,1,1,30,30,55,89,11,27,37,52,52,52],"floor_reached":16,"playtime":377,"items_purged":["Pain"],"score":224,"play_id":"33946f8a-83bb-41e1-960e-4cdd36a44781","local_time":"20240713191552","is_ascension_mode":true,"campfire_choices":[{"data":"Bash","floor":6,"key":"SMITH"},{"data":"Anger","floor":8,"key":"SMITH"},{"data":"Demon Form","floor":15,"key":"SMITH"}],"neow_cost":"CURSE","seed_source_timestamp":128251896633600,"circlet_count":0,"master_deck":["AscendersBane","Strike_R","Strike_R","Strike_R","Strike_R","Strike_R","Defend_R","Defend_R","Defend_R","Defend_R","Bash+1","Dropkick","Flame Barrier","Thunderclap","Anger+1","Power Through","Demon Form+1","Sword Boomerang","Juggernaut","Iron Wave"],"relics":["Burning Blood","Juzu Bracelet","Toy Ornithopter","Orichalcum","Question Card"],"potions_floor_usage":[10,16],"damage_taken":[{"damage":28,"enemies":"Small Slimes","floor":1,"turns":4},{"damage":4,"enemies":"Cultist","floor":2,"turns":3},{"damage":7,"enemies":"Jaw Worm","floor":4,"turns":5},{"damage":50,"enemies":"Lagavulin","floor":7,"turns":8},{"damage":2,"enemies":"Gremlin Nob","floor":10,"turns":3},{"damage":8,"enemies":"Exordium Wildlife","floor":12,"turns":3},{"damage":8,"enemies":"Blue Slaver","floor":13,"turns":3},{"damage":6,"enemies":"Large Slime","floor":14,"turns":3},{"damage":32,"enemies":"Slime Boss","floor":16,"turns":3}],"seed_played":"-3030189941796866699","potions_obtained":[{"floor":2,"key":"Fire Potion"},{"floor":7,"key":"SpeedPotion"},{"floor":13,"key":"SteroidPotion"}],"is_trial":false,"path_per_floor":["M","M","$","M","?","R","E","R","T","E","$","M","M","M","R","B"],"character_chosen":"IRONCLAD","items_purchased":["Demon Form"],"campfire_rested":0,"item_purchase_floors":[11],"current_hp_per_floor":[60,62,62,61,61,61,17,17,17,26,26,24,22,22,22,0],"gold":52,"neow_bonus":"TWENTY_PERCENT_HP_BONUS","is_prod":false,"is_daily":false,"chose_seed":false,"campfire_upgraded":3,"win_rate":0,"timestamp":1720890952,"path_taken":["M","M","$","M","?","R","E","R","T","E","$","M","M","M","R","BOSS"],"build_version":"2022-12-18","purchased_purges":1,"victory":false,"max_hp_per_floor":[89,89,89,89,89,89,89,89,89,89,89,89,89,89,89,89],"card_choices":[{"not_picked":["Rage","Sever Soul"],"picked":"Dropkick","floor":1},{"not_picked":["Combust","Uppercut"],"picked":"Flame Barrier","floor":2},{"not_picked":["Sword Boomerang","Combust"],"picked":"Thunderclap","floor":4},{"not_picked":["Carnage","Body Slam"],"picked":"Anger","floor":7},{"not_picked":["Warcry","Thunderclap"],"picked":"Power Through","floor":10},{"not_picked":["Perfected Strike","Flame Barrier","Headbutt"],"picked":"Sword Boomerang","floor":12},{"not_picked":["Sword Boomerang","Fire Breathing","Body Slam"],"picked":"Juggernaut","floor":13},{"not_picked":["Bloodletting","Heavy Blade","Body Slam"],"picked":"Iron Wave","floor":14}],"player_experience":2555740,"relics_obtained":[{"floor":7,"key":"Toy Ornithopter"},{"floor":9,"key":"Orichalcum"},{"floor":10,"key":"Question Card"}],"event_choices":[{"damage_healed":0,"gold_gain":0,"player_choice":"Paid Gold","damage_taken":0,"relics_obtained":["Juzu Bracelet"],"max_hp_gain":0,"max_hp_loss":0,"event_name":"WeMeetAgain","floor":5,"gold_loss":62}],"is_beta":false,"boss_relics":[],"items_purged_floors":[3],"is_endless":false,"potions_floor_spawned":[2,7,13],"killed_by":"Slime Boss","ascension_level":20}