{"gold_per_floor":[114,64,139,139,154,154,179,179,179,209,209,239,269,44,44,144,144,159,159,174,174,174,204,204,234,234,234,252,102,102,102,102,202,202,217,17,117,117,132,162,192,192,192,207,237,59,59,59,59,59],"floor_reached":51,"playtime":1920,"items_purged":["Brutality"],"score":904,"play_id":"685f1617-26c6-4f73-84db-d0d0d8d1a9cf","local_time":"20190104102712","daily_mods":["Shiny","Flight","Terminal"],"is_ascension_mode":false,"campfire_choices":[{"data":"Double Tap","floor":6,"key":"SMITH"},{"data":"Limit Break","floor":8,"key":"SMITH"},{"data":"Demon Form","floor":11,"key":"SMITH"},{"data":"Bludgeon","floor":15,"key":"SMITH"},{"floor":24,"key":"REST"},{"data":"1","floor":27,"key":"LIFT"},{"data":"2","floor":30,"key":"LIFT"},{"data":"3","floor":32,"key":"LIFT"},{"floor":42,"key":"REST"},{"data":"Heavy Blade","floor":49,"key":"SMITH"}],"neow_cost":"","seed_source_timestamp":0,"circlet_count":0,"master_deck":["Double Tap+1","Demon Form+1","Bludgeon+1","Feed","Limit Break+1","Barricade","Berserk","Impervious+1","Juggernaut","Reaper","Exhume","Offering+1","Immolate","Thunderclap+1","Ghostly Armor","Exhume","Dropkick+1","Sentinel","Demon Form","Inflame","Writhe","Dropkick+1","Offering","Limit Break+1","Heavy Blade+1","Panache","Madness","Madness"],"special_seed":17900,"relics":["Burning Blood","Lantern","Blood Vial","Red Skull","Du-Vu Doll","Ice Cream","Bronze Scales","Busted Crown","Incense Burner","Whetstone","Girya","Kunai","Red Mask","War Paint","Sozu","DollysMirror","Unceasing Top","FaceOfCleric","Pen Nib","Oddly Smooth Stone","FossilizedHelix","Regal Pillow"],"potions_floor_usage":[13,16,33,44],"damage_taken":[{"damage":0,"enemies":"Small Slimes","floor":1,"turns":1},{"damage":6,"enemies":"2 Louse","floor":5,"turns":1},{"damage":9,"enemies":"3 Sentries","floor":10,"turns":4},{"damage":9,"enemies":"Gremlin Nob","floor":12,"turns":3},{"damage":12,"enemies":"Lagavulin","floor":13,"turns":2},{"damage":12,"enemies":"Slime Boss","floor":16,"turns":6},{"damage":6,"enemies":"Spheric Guardian","floor":18,"turns":2},{"damage":14,"enemies":"Shell Parasite","floor":20,"turns":3},{"damage":31,"enemies":"Slavers","floor":23,"turns":4},{"damage":34,"enemies":"Book of Stabbing","floor":25,"turns":4},{"damage":0,"enemies":"Masked Bandits","floor":28,"turns":2},{"damage":21,"enemies":"Collector","floor":33,"turns":6},{"damage":0,"enemies":"Orb Walker","floor":35,"turns":3},{"damage":31,"enemies":"Mind Bloom Boss Battle","floor":37,"turns":4},{"damage":12,"enemies":"3 Darklings","floor":39,"turns":3},{"damage":21,"enemies":"Giant Head","floor":40,"turns":4},{"damage":26,"enemies":"Nemesis","floor":41,"turns":3},{"damage":21,"enemies":"Transient","floor":44,"turns":4},{"damage":12,"enemies":"Reptomancer","floor":45,"turns":2},{"damage":29,"enemies":"Donu and Deca","floor":50,"turns":4}],"seed_played":"8207971978240580140","potions_obtained":[{"floor":5,"key":"Swift Potion"},{"floor":12,"key":"GamblersBrew"},{"floor":13,"key":"SpeedPotion"},{"floor":25,"key":"Block Potion"},{"floor":33,"key":"AttackPotion"}],"is_trial":false,"path_per_floor":["M","?","?","?","M","R","T","R","T","E","R","E","E","$","R","B",null,"M","?","M","?","?","E","R","E","T","R","?","$","R","?","R","B",null,"M","$","?","?","M","E","E","R","T","M","E","$","?","$","R","B",null],"character_chosen":"IRONCLAD","items_purchased":["Bronze Scales","War Paint","DollysMirror","Panache"],"campfire_rested":2,"item_purchase_floors":[14,29,36,46],"current_hp_per_floor":[78,77,66,71,71,71,71,71,71,77,76,73,69,69,69,71,70,69,68,60,60,60,43,64,66,66,66,68,67,66,54,54,71,70,72,71,73,72,70,78,59,77,76,76,71,71,62,62,62,42],"gold":59,"neow_bonus":"","is_prod":false,"is_daily":true,"chose_seed":false,"campfire_upgraded":5,"win_rate":0,"timestamp":1546615632,"path_taken":["M","?","?","?","M","R","?","R","T","E","R","E","E","?","R","BOSS","M","?","?","?","?","E","R","E","T","R","?","$","R","?","R","BOSS","M","$","?","?","?","E","E","R","T","?","E","$","?","?","R","BOSS"],"build_version":"2019-01-03v3","purchased_purges":1,"victory":true,"max_hp_per_floor":[78,77,76,80,79,78,77,76,75,77,76,75,74,73,72,71,70,69,68,67,66,65,70,69,68,67,66,68,67,66,70,69,71,70,72,71,73,72,75,78,78,77,76,76,76,75,74,73,72,72],"card_choices":[{"not_picked":["Second Wind","Anger"],"picked":"Thunderclap","floor":1},{"not_picked":["Pummel","Carnage"],"picked":"Ghostly Armor","floor":5},{"not_picked":["Whirlwind","Rage"],"picked":"Exhume","floor":10},{"not_picked":["Twin Strike","Headbutt"],"picked":"Dropkick","floor":12},{"not_picked":["Power Through","Sever Soul"],"picked":"Sentinel","floor":13},{"not_picked":["Impervious","Brutality"],"picked":"Demon Form","floor":16},{"not_picked":[],"picked":"Inflame","floor":18},{"not_picked":["Reckless Charge"],"picked":"SKIP","floor":20},{"not_picked":["Sword Boomerang"],"picked":"SKIP","floor":23},{"not_picked":["Warcry"],"picked":"SKIP","floor":25},{"not_picked":[],"picked":"Dropkick+1","floor":28},{"not_picked":[],"picked":"Offering","floor":33},{"not_picked":["Sever Soul+1"],"picked":"SKIP","floor":35},{"not_picked":["Wild Strike"],"picked":"SKIP","floor":39},{"not_picked":["Wild Strike"],"picked":"SKIP","floor":40},{"not_picked":["Twin Strike"],"picked":"SKIP","floor":41},{"not_picked":["Wild Strike"],"picked":"SKIP","floor":44},{"not_picked":[],"picked":"Heavy Blade","floor":45}],"player_experience":698852,"relics_obtained":[{"floor":7,"key":"Lantern"},{"floor":9,"key":"Blood Vial"},{"floor":10,"key":"Red Skull"},{"floor":12,"key":"Du-Vu Doll"},{"floor":13,"key":"Ice Cream"},{"floor":23,"key":"Whetstone"},{"floor":25,"key":"Girya"},{"floor":26,"key":"Kunai"},{"floor":28,"key":"Red Mask"},{"floor":37,"key":"Unceasing Top"},{"floor":40,"key":"Pen Nib"},{"floor":41,"key":"Oddly Smooth Stone"},{"floor":43,"key":"FossilizedHelix"},{"floor":45,"key":"Regal Pillow"}],"event_choices":[{"cards_removed":["Dark Embrace"],"damage_healed":0,"gold_gain":0,"player_choice":"Card Removal","damage_taken":0,"max_hp_gain":0,"max_hp_loss":0,"event_name":"The Cleric","floor":2,"gold_loss":50},{"damage_healed":0,"gold_gain":75,"player_choice":"Gather Gold","damage_taken":11,"max_hp_gain":0,"max_hp_loss":0,"event_name":"World of Goop","floor":3,"gold_loss":0},{"damage_healed":0,"gold_gain":0,"player_choice":"Donut","damage_taken":0,"max_hp_gain":5,"max_hp_loss":0,"event_name":"Big Fish","floor":4,"gold_loss":0},{"cards_removed":["Fiend Fire"],"damage_healed":0,"gold_gain":0,"player_choice":"Purged","damage_taken":0,"max_hp_gain":0,"max_hp_loss":0,"event_name":"Purifier","floor":19,"gold_loss":0},{"damage_healed":0,"gold_gain":0,"player_choice":"Ignored","damage_taken":0,"max_hp_gain":0,"max_hp_loss":0,"event_name":"Beggar","floor":21,"gold_loss":0},{"damage_healed":0,"gold_gain":0,"player_choice":"Opened","damage_taken":0,"relics_obtained":["Incense Burner"],"max_hp_gain":0,"max_hp_loss":0,"event_name":"The Mausoleum","floor":22,"gold_loss":0,"cards_obtained":["Writhe"]},{"damage_healed":0,"gold_gain":0,"player_choice":"Fought Bandits","damage_taken":0,"max_hp_gain":0,"max_hp_loss":0,"event_name":"Masked Bandits","floor":28,"gold_loss":0},{"damage_healed":0,"gold_gain":0,"player_choice":"Shed Blood","damage_taken":17,"max_hp_gain":5,"max_hp_loss":0,"event_name":"Forgotten Altar","floor":31,"gold_loss":0},{"damage_healed":0,"gold_gain":0,"player_choice":"Fight","damage_taken":0,"max_hp_gain":0,"max_hp_loss":0,"event_name":"MindBloom","floor":37,"gold_loss":0},{"damage_healed":0,"gold_gain":0,"player_choice":"Trade","damage_taken":0,"relics_obtained":["FaceOfCleric"],"max_hp_gain":0,"max_hp_loss":0,"event_name":"FaceTrader","floor":38,"gold_loss":0},{"damage_healed":0,"gold_gain":0,"player_choice":"Embrace Madness","damage_taken":9,"max_hp_gain":0,"max_hp_loss":0,"event_name":"Winding Halls","floor":47,"gold_loss":0,"cards_obtained":["Madness","Madness"]}],"is_beta":false,"boss_relics":[{"not_picked":["Eternal Feather","Empty Cage"],"picked":"Busted Crown"},{"not_picked":["White Beast Statue","Tiny House"],"picked":"Sozu"}],"items_purged_floors":[14],"is_endless":false,"potions_floor_spawned":[5,12,13,25,33,39,40,44,45],"ascension_level":0}