{"gold_per_floor":[114,129,79,79,94,124,178,178,178,193,208,58,58,96,96,221,221,240,259,259,274,274,274,304,319,319,418,598,613,38,68,68,68],"floor_reached":33,"playtime":3352,"items_purged":[],"score":395,"play_id":"3e578221-7404-4b0b-af9e-6a9bddc866f4","local_time":"20230123121828","daily_mods":["Insanity","Diverse","Lethality"],"is_ascension_mode":false,"campfire_choices":[{"data":"Darkness","floor":8,"key":"SMITH"},{"data":"Phantasmal Killer","floor":15,"key":"SMITH"},{"floor":32,"key":"REST"}],"neow_cost":"","seed_source_timestamp":0,"circlet_count":0,"master_deck":["Coolheaded","Evaluate","All Out Attack","EmptyBody","FlurryOfBlows","Dropkick","True Grit","Conserve Battery","SashWhip","Bloodletting","Tactician","Undo","Reflex","Bane","Adaptation","Rebound","Flex","Ball Lightning","Darkness+1","Flex","Bloodletting","Consume","WindmillStrike","Cleave","JustLucky+1","Dual Wield","Wild Strike","Redo","Meditate","LikeWater","FlurryOfBlows","Prostrate","Hologram","Cloak And Dagger","Genetic Algorithm","Pummel","Wallop","CutThroughFate","Headbutt+1","Perfected Strike","CutThroughFate","Cloak And Dagger","Flame Barrier","Worship","Thunderclap","Hello World","Protect","Halt","Wild Strike","Shrug It Off","Regret","Indignation","Escape Plan","Capacitor","Phantasmal Killer+1","Injury","Sword Boomerang","Demon Form","Riddle With Holes+1","Hyperbeam"],"special_seed":19380,"relics":["PureWater","Boot","Bottled Lightning","Pen Nib","Letter Opener","Whetstone","Bloody Idol","Bronze Scales","Cursed Key","MutagenicStrength","Omamori","Art of War","Girya","Centennial Puzzle","Nunchaku"],"potions_floor_usage":[7,18,21,21,29,31,31,31,33],"damage_taken":[{"damage":1,"enemies":"Jaw Worm","floor":1,"turns":3},{"damage":0,"enemies":"2 Louse","floor":2,"turns":2},{"damage":0,"enemies":"Small Slimes","floor":5,"turns":2},{"damage":14,"enemies":"3 Sentries","floor":6,"turns":5},{"damage":7,"enemies":"Gremlin Nob","floor":7,"turns":3},{"damage":8,"enemies":"Blue Slaver","floor":10,"turns":2},{"damage":0,"enemies":"Looter","floor":11,"turns":2},{"damage":0,"enemies":"Lagavulin","floor":14,"turns":5},{"damage":30,"enemies":"The Guardian","floor":16,"turns":8},{"damage":4,"enemies":"3 Byrds","floor":18,"turns":3},{"damage":23,"enemies":"2 Thieves","floor":19,"turns":2},{"damage":25,"enemies":"Chosen and Byrds","floor":21,"turns":3},{"damage":16,"enemies":"Slavers","floor":24,"turns":2},{"damage":0,"enemies":"Cultist and Chosen","floor":25,"turns":1},{"damage":0,"enemies":"Snecko","floor":29,"turns":4},{"damage":22,"enemies":"Book of Stabbing","floor":31,"turns":3},{"damage":43,"enemies":"Collector","floor":33,"turns":5}],"seed_played":"6965109342354453751","potions_obtained":[{"floor":5,"key":"Block Potion"},{"floor":6,"key":"LiquidBronze"},{"floor":10,"key":"SpeedPotion"},{"floor":11,"key":"Block Potion"},{"floor":16,"key":"ColorlessPotion"},{"floor":24,"key":"SpeedPotion"},{"floor":25,"key":"DistilledChaos"},{"floor":31,"key":"Dexterity Potion"}],"is_trial":false,"path_per_floor":["M","M","?","?","M","E","?","R","T","M","M","$","?","E","R","B",null,"M","M","?","M","?","?","E","M","T","?","?","M","$","E","R","B"],"character_chosen":"WATCHER","items_purchased":["Whetstone","Girya","Centennial Puzzle","SkillPotion","Regen Potion"],"campfire_rested":1,"item_purchase_floors":[12,30,30,30,30],"current_hp_per_floor":[71,71,71,71,71,57,50,50,50,42,42,42,42,42,42,12,72,68,45,45,25,25,25,14,19,19,24,15,20,20,15,36,0],"gold":68,"neow_bonus":"","is_prod":false,"is_daily":true,"chose_seed":false,"campfire_upgraded":2,"win_rate":0,"timestamp":1674472708,"path_taken":["M","M","?","?","M","E","?","R","T","M","M","$","?","E","R","BOSS","M","M","?","M","?","?","E","M","T","?","?","?","$","E","R","BOSS"],"build_version":"2022-12-18","purchased_purges":0,"victory":false,"max_hp_per_floor":[72,72,72,72,72,72,72,72,72,72,72,72,72,72,72,72,72,72,72,72,72,72,72,72,72,72,72,72,72,72,72,72,72],"card_choices":[{"not_picked":["Bane","Quick Slash","Rip and Tear"],"picked":"SKIP","floor":1},{"not_picked":["Barrage","Multi-Cast"],"picked":"Shrug It Off","floor":2},{"not_picked":["Choke","Clothesline"],"picked":"Indignation","floor":5},{"not_picked":["WindmillStrike","FlurryOfBlows"],"picked":"Escape Plan","floor":6},{"not_picked":["Steam","Rebound"],"picked":"Capacitor","floor":7},{"not_picked":["Ball Lightning","Searing Blow","Leg Sweep"],"picked":"SKIP","floor":10},{"not_picked":["Crescendo","Ball Lightning"],"picked":"Phantasmal Killer","floor":11},{"not_picked":["Dodge and Roll","Clash"],"picked":"Sword Boomerang","floor":14},{"not_picked":["Multi-Cast","Glass Knife"],"picked":"Demon Form","floor":16},{"not_picked":["Turbo","Flex+1","Clothesline"],"picked":"SKIP","floor":18},{"not_picked":["Dagger Throw","EmptyFist","Reprogram"],"picked":"SKIP","floor":19},{"not_picked":["CutThroughFate","MentalFortress"],"picked":"Riddle With Holes+1","floor":21},{"not_picked":["FollowUp","SashWhip"],"picked":"Hyperbeam","floor":24},{"not_picked":["Dash","Blizzard","Barrage"],"picked":"SKIP","floor":25},{"not_picked":["FTL","Meditate","Sever Soul"],"picked":"SKIP","floor":29},{"not_picked":["Stack","Wild Strike+1","Calculated Gamble"],"picked":"SKIP","floor":31}],"player_experience":2043080,"relics_obtained":[{"floor":6,"key":"Bottled Lightning"},{"floor":7,"key":"Pen Nib"},{"floor":9,"key":"Letter Opener"},{"floor":14,"key":"Bronze Scales"},{"floor":24,"key":"Omamori"},{"floor":26,"key":"Art of War"},{"floor":31,"key":"Nunchaku"}],"event_choices":[{"cards_removed":["Deadly Poison"],"damage_healed":0,"gold_gain":0,"player_choice":"Card Removal","damage_taken":0,"max_hp_gain":0,"max_hp_loss":0,"event_name":"The Cleric","floor":3,"gold_loss":50},{"damage_healed":0,"gold_gain":0,"player_choice":"Box","damage_taken":0,"relics_obtained":["Boot"],"max_hp_gain":0,"max_hp_loss":0,"event_name":"Big Fish","floor":4,"gold_loss":0,"cards_obtained":["Regret"]},{"damage_healed":0,"gold_gain":0,"player_choice":"Searched \u00271\u0027 times","damage_taken":0,"max_hp_gain":0,"max_hp_loss":0,"event_name":"Dead Adventurer","floor":7,"gold_loss":0},{"damage_healed":0,"gold_gain":0,"player_choice":"Take Wound","damage_taken":0,"relics_obtained":["Golden Idol"],"max_hp_gain":0,"max_hp_loss":0,"event_name":"Golden Idol","floor":13,"gold_loss":0,"cards_obtained":["Injury"]},{"damage_healed":0,"gold_gain":0,"player_choice":"Gave Idol","damage_taken":0,"relics_obtained":["Bloody Idol"],"max_hp_gain":0,"max_hp_loss":0,"event_name":"Forgotten Altar","floor":20,"relics_lost":["Golden Idol"],"gold_loss":0},{"damage_healed":0,"gold_gain":0,"player_choice":"Ignored","damage_taken":0,"max_hp_gain":0,"max_hp_loss":0,"event_name":"Vampires","floor":22,"gold_loss":0},{"damage_healed":0,"gold_gain":0,"player_choice":"Inject Mutagens","damage_taken":0,"relics_obtained":["MutagenicStrength"],"max_hp_gain":0,"max_hp_loss":0,"event_name":"Drug Dealer","floor":23,"gold_loss":0},{"damage_healed":0,"gold_gain":99,"player_choice":"Stole From Cult","damage_taken":0,"max_hp_gain":0,"max_hp_loss":0,"event_name":"Nest","floor":27,"gold_loss":0},{"damage_healed":0,"gold_gain":180,"player_choice":"GOLD GOLD ","damage_taken":19,"max_hp_gain":0,"max_hp_loss":0,"event_name":"Knowing Skull","floor":28,"potions_obtained":[],"gold_loss":0,"cards_obtained":[]}],"is_beta":false,"boss_relics":[{"not_picked":["VioletLotus","Calling Bell"],"picked":"Cursed Key"}],"items_purged_floors":[],"is_endless":false,"potions_floor_spawned":[5,6,10,11,16,24,25,31],"killed_by":"Collector","ascension_level":0}