{"gold_per_floor":[99,51,151,151,151,183,208,8,22,22,56,41,54,54,68,173,173,173,173,15,35,51,77,77,109,109,139,139,162,187,204,219,317,317,217,187,200,210,159,192,192,222,233,233,41,55,75,99,118,118,118,146,72,72,72,72],"floor_reached":56,"playtime":2970,"items_purged":["Pain","Pain"],"score":1108,"play_id":"c487793e-ba96-4737-8d93-41182987edb8","local_time":"20210606134534","is_ascension_mode":true,"campfire_choices":[{"floor":1,"key":"RECALL"},{"data":"bronze:Optimize","floor":8,"key":"SMITH"},{"data":"bronze:BronzeOrb","floor":10,"key":"SMITH"},{"data":"bronze:ItsAFeature","floor":18,"key":"SMITH"},{"floor":26,"key":"REST"},{"data":"bronze:Verify","floor":35,"key":"SMITH"},{"floor":54,"key":"REST"}],"neow_cost":"NONE","seed_source_timestamp":460616153710100,"circlet_count":0,"master_deck":["bronze:Strike","bronze:Strike","bronze:Strike","bronze:Strike","bronze:Defend","bronze:Defend","bronze:Defend","bronze:Defend","bronze:Replicate","bronze:Goto","bronze:Branch","bronze:ChosenStrike","downfall:Haunted","downfall:Haunted","downfall:Haunted","bronze:ThunderWave","downfall:Aged","bronze:Optimize+1","bronze:BronzeOrb+1","bronze:Separator","bronze:FineTuning","bronze:ItsAFeature+1","bronze:HardenedForm","bronze:ItsAFeature","bronze:Boost+1","bronze:Flail","bronze:DelayedGuard+1","bronze:ItsAFeature","downfall:Bewildered","bronze:ChildClass+1","bronze:Verify+1","CurseOfTheBell","Blind+1","bronze:Constructor+1","bronze:FineTuning+1","bronze:FineTuning+1","Madness+1","bronze:Shell+1"],"relics":["bronze:BronzeCore","Du-Vu Doll","White Beast Statue","PreservedInsect","downfall:HeartBlessingRed","downfall:HeartBlessingBlue","Bag of Preparation","Philosopher\u0027s Stone","Toxic Egg 2","bronze:SilverBullet","Happy Flower","Bottled Lightning","sneckomod:BabySnecko","bronze:ProtectiveGoggles","Tiny Chest","Calling Bell","Lantern","Sundial","Turnip","downfall:HeartBlessingGreen","OrangePellets","HornCleat","Molten Egg 2","Darkstone Periapt","Boot","WarpedTongs","Oddly Smooth Stone","Akabeko"],"potions_floor_usage":[11,12,20,22,33,38,43,50,50,55,55],"damage_taken":[{"damage":0,"enemies":"downfall:FleeingMerchant","floor":2,"turns":4},{"damage":15,"enemies":"Gremlin Nob","floor":6,"turns":3},{"damage":6,"enemies":"Small Slimes","floor":9,"turns":3},{"damage":6,"enemies":"Lagavulin","floor":11,"turns":3},{"damage":3,"enemies":"downfall:FleeingMerchant","floor":12,"turns":4},{"damage":0,"enemies":"Jaw Worm","floor":13,"turns":1},{"damage":0,"enemies":"Cultist","floor":14,"turns":1},{"damage":2,"enemies":"Large Slime","floor":15,"turns":2},{"damage":22,"enemies":"IC_STATUS_ARCHETYPE","floor":16,"turns":7},{"damage":13,"enemies":"downfall:FleeingMerchant","floor":20,"turns":4},{"damage":3,"enemies":"Chosen","floor":21,"turns":3},{"damage":9,"enemies":"downfall:LooterAlt2","floor":22,"turns":3},{"damage":21,"enemies":"Book of Stabbing","floor":23,"turns":3},{"damage":0,"enemies":"Gremlin Leader","floor":25,"turns":2},{"damage":0,"enemies":"Book of Stabbing","floor":27,"turns":3},{"damage":0,"enemies":"Gremlin Leader","floor":30,"turns":3},{"damage":0,"enemies":"Snake Plant","floor":31,"turns":2},{"damage":0,"enemies":"Snecko","floor":32,"turns":2},{"damage":36,"enemies":"WA_ARCHETYPE_CALM","floor":33,"turns":7},{"damage":0,"enemies":"3 Shapes","floor":37,"turns":1},{"damage":0,"enemies":"3 Darklings","floor":38,"turns":2},{"damage":0,"enemies":"downfall:FleeingMerchant","floor":39,"turns":1},{"damage":1,"enemies":"Reptomancer","floor":40,"turns":5},{"damage":33,"enemies":"Nemesis","floor":42,"turns":7},{"damage":11,"enemies":"Jaw Worm Horde","floor":43,"turns":3},{"damage":0,"enemies":"Spire Growth","floor":46,"turns":4},{"damage":0,"enemies":"Writhing Mass","floor":47,"turns":4},{"damage":0,"enemies":"4 Shapes","floor":49,"turns":2},{"damage":62,"enemies":"DF_ARCHETYPE_ORBS","floor":50,"turns":7},{"damage":53,"enemies":"downfall:CharBossMerchant","floor":52,"turns":7},{"damage":0,"enemies":"downfall:NeowBoss","floor":55,"turns":16},{"damage":94,"enemies":"downfall:NeowBossFinal","floor":56,"turns":8}],"seed_played":"-7259447153748991931","potions_obtained":[{"floor":6,"key":"ColorlessPotion"},{"floor":9,"key":"bronze:BurnAndBuffPotion"},{"floor":11,"key":"Block Potion"},{"floor":12,"key":"Ancient Potion"},{"floor":13,"key":"Weak Potion"},{"floor":20,"key":"Energy Potion"},{"floor":22,"key":"FearPotion"},{"floor":23,"key":"BlessingOfTheForge"},{"floor":33,"key":"Swift Potion"},{"floor":37,"key":"CultistPotion"},{"floor":38,"key":"PowerPotion"},{"floor":43,"key":"LiquidBronze"},{"floor":46,"key":"Energy Potion"},{"floor":47,"key":"FairyPotion"},{"floor":52,"key":"LiquidMemories"}],"is_trial":false,"path_per_floor":["R","$","?","?","?","E","T","R","M","R","E","$","M","M","M","B",null,"R","?","$","M","M","E","T","E","R","E","?","T","E","M","M","B",null,"R","?","M","M","$","E","T","E","M","?","$","M","M","T","M","B",null,"E","$","R","B","B"],"character_chosen":"THE_AUTOMATON","items_purchased":["bronze:ChosenStrike","bronze:ItsAFeature","OrangePellets","HornCleat","Madness+1","Regen Potion"],"campfire_rested":2,"item_purchase_floors":[2,20,39,39,45,53],"current_hp_per_floor":[77,77,82,82,70,55,55,65,59,59,53,50,50,50,48,26,92,92,92,79,76,67,46,46,46,73,73,73,73,73,73,73,37,92,92,92,92,92,92,91,91,58,47,53,53,53,53,53,53,23,98,45,45,74,89,0],"gold":72,"neow_bonus":"TEN_PERCENT_HP_BONUS","is_prod":false,"is_daily":false,"chose_seed":false,"campfire_upgraded":4,"win_rate":1,"timestamp":1623001534,"path_taken":["R","$","?","?","?","E","T","R","M","R","E","?","M","?","M","BOSS","R","?","$","M","?","E","T","E","R","E","?","?","E","M","M","BOSS","R","?","M","M","$","E","T","E","M","?","$","M","?","?","M","BOSS","E","$","R","BOSS","BOSS"],"build_version":"2020-12-22","purchased_purges":2,"victory":false,"max_hp_per_floor":[77,77,82,82,82,82,82,92,92,92,92,92,92,92,92,92,92,92,92,92,92,92,92,92,92,92,92,92,92,92,92,92,92,92,92,92,92,92,92,92,92,92,92,98,98,98,98,98,98,98,98,98,98,98,98,98],"card_choices":[{"not_picked":["bronze:FollowUp","bronze:DigitalCarnage"],"picked":"bronze:Branch","floor":2},{"not_picked":["bronze:DelayedSlice","bronze:GetLatest"],"picked":"bronze:Optimize","floor":6},{"not_picked":["bronze:Philosophize","bronze:Overheat"],"picked":"bronze:BronzeOrb","floor":9},{"not_picked":["bronze:BugBarrage","bronze:DelayedGuard"],"picked":"bronze:Separator","floor":11},{"not_picked":["bronze:Philosophize","bronze:DigitalCarnage","bronze:Overheat"],"picked":"SKIP","floor":12},{"not_picked":["bronze:ForceShield","bronze:Shield"],"picked":"bronze:FineTuning","floor":13},{"not_picked":["bronze:BuggyMess","bronze:Optimize"],"picked":"bronze:ItsAFeature","floor":14},{"not_picked":["bronze:Break","bronze:Iterate","bronze:Overheat"],"picked":"SKIP","floor":15},{"not_picked":["bronze:RecursiveStrike","bronze:HyperBeam"],"picked":"bronze:HardenedForm","floor":16},{"not_picked":["bronze:Iterate+1","bronze:HyperBeam","bronze:ForLoop"],"picked":"SKIP","floor":20},{"not_picked":["bronze:MaxOutput","bronze:Turbo+1"],"picked":"bronze:Boost+1","floor":21},{"not_picked":["bronze:Safeguard","bronze:Optimize"],"picked":"bronze:Flail","floor":22},{"not_picked":["bronze:Iterate","bronze:WhirlingStrike+1"],"picked":"bronze:DelayedGuard+1","floor":23},{"not_picked":["bronze:DelayedGuard+1","bronze:Overheat","bronze:Fortify"],"picked":"SKIP","floor":25},{"not_picked":["bronze:Invalidate+1","bronze:Boost+1"],"picked":"bronze:ItsAFeature","floor":27},{"not_picked":["bronze:Turbo+1","bronze:ForLoop+1","bronze:DelayedGuard+1"],"picked":"SKIP","floor":30},{"not_picked":["bronze:Optimize+1","bronze:Overheat"],"picked":"bronze:ChildClass+1","floor":31},{"not_picked":["bronze:Backtrace","bronze:Overheat","bronze:Turbo+1"],"picked":"SKIP","floor":32},{"not_picked":["bronze:Break","bronze:HardenedForm"],"picked":"bronze:Verify","floor":33},{"not_picked":[],"picked":"Blind+1","floor":36},{"not_picked":["bronze:WhirlingStrike","bronze:ForceShield+1","bronze:Branch"],"picked":"SKIP","floor":37},{"not_picked":["bronze:OilSpill+1","bronze:Shield+1"],"picked":"bronze:Constructor+1","floor":38},{"not_picked":["bronze:Branch","bronze:ThunderWave"],"picked":"bronze:FineTuning+1","floor":39},{"not_picked":["bronze:Overload+1","bronze:DelayedGuard+1"],"picked":"bronze:FineTuning+1","floor":40},{"not_picked":["bronze:BugBarrage+1","bronze:CleanCode","bronze:ChildClass+1"],"picked":"SKIP","floor":42},{"not_picked":["bronze:Allocate+1","bronze:DelayedGuard+1","bronze:OilSpill+1"],"picked":"SKIP","floor":43},{"not_picked":["bronze:ItsAFeature+1","bronze:ForceShield+1"],"picked":"bronze:Shell+1","floor":46},{"not_picked":["bronze:CutThrough+1","bronze:Deprecate+1","bronze:BitShift+1"],"picked":"SKIP","floor":47},{"not_picked":["bronze:BronzeArmor+1","bronze:Invalidate+1","bronze:Repulsor"],"picked":"SKIP","floor":49},{"not_picked":["bronze:ChosenStrike+1","bronze:WildBeam+1","bronze:Verify"],"picked":"SKIP","floor":52}],"player_experience":1488143,"relics_obtained":[{"floor":6,"key":"PreservedInsect"},{"floor":11,"key":"Bag of Preparation"},{"floor":23,"key":"Toxic Egg 2"},{"floor":24,"key":"bronze:SilverBullet"},{"floor":25,"key":"Happy Flower"},{"floor":27,"key":"Bottled Lightning"},{"floor":29,"key":"bronze:ProtectiveGoggles"},{"floor":30,"key":"Tiny Chest"},{"floor":34,"key":"Lantern"},{"floor":34,"key":"Sundial"},{"floor":34,"key":"Turnip"},{"floor":40,"key":"Molten Egg 2"},{"floor":41,"key":"Darkstone Periapt"},{"floor":42,"key":"Boot"},{"floor":48,"key":"Oddly Smooth Stone"},{"floor":52,"key":"Akabeko"}],"event_choices":[{"damage_healed":0,"gold_gain":0,"player_choice":"Success","damage_taken":12,"relics_obtained":["White Beast Statue"],"max_hp_gain":0,"max_hp_loss":0,"event_name":"Scrap Ooze","floor":5,"gold_loss":0},{"damage_healed":0,"gold_gain":0,"player_choice":"Got Potions","damage_taken":0,"max_hp_gain":0,"max_hp_loss":0,"event_name":"Lab","floor":19,"gold_loss":0}],"is_beta":false,"boss_relics":[{"not_picked":["Velvet Choker","Snecko Eye"],"picked":"Philosopher\u0027s Stone"},{"not_picked":["Cursed Key","bronze:PlatinumCore"],"picked":"Calling Bell"}],"items_purged_floors":[20,45],"is_endless":false,"potions_floor_spawned":[6,9,11,12,13,14,15,16,20,21,22,23,25,27,30,31,32,33,37,38,39,40,42,43,46,47,49,52],"killed_by":"downfall:NeowBossFinal","ascension_level":1}